@inproceedings{FlanaganSaxe01,
 author = "C. Flanagan and J. B. Saxe",
 title = "{Avoiding Exponential Explosion: Generating Compact Verification Conditions}",
 booktitle = "{Proceedings of the $28$th ACM SIGPLAN-SIGACT symposium on 
               Principles of Programming Languages }",
 year = "{2001}",
 pages = {193--205},
 }


@article{Leino05,
 author = "K. R. M. Leino",
 title = {Efficient weakest preconditions},
 journal = {Inf. Process. Lett.},
 volume = {93},
 number = {6},
 year = {2005},
 issn = {0020-0190},
 pages = {281--288},
 publisher = {Elsevier},
 address = {Amsterdam},
 }

@InProceedings(InfoFlowChallenges,
        key={Zdancewic},
        author={S. Zdancewic},
        title={Challenges for Information-flow Security},
        publisher={},
        booktitle={Proceedings of the 1st International Workshop on Programming Language Interference and Dependence (PLID'04)},
        year={2004},
        annote={})

@InCollection(SmithInfoFlowPrinciples,
        key={Smith},
        author={G. Smith},
        title={Principles of Secure Information Flow},
        booktitle={Malware Detection},
        publisher={Springer-Verlag},
        editor={Mihai Christodorescu and Somesh Jha and Douglas Maughan and Dawn Song and Cliff Wang},
        pages={291--307},
        year={2007},
        annote={})

@InProceedings(SmithNewTypeSystem,
        key={Smith},
        author={G. Smith},
        title={Probabilistic noninterference through weak probabilistic bisimulation},
        publisher={IEEE},
        booktitle={Proceedings of the 16th Computer Security Foundations Workshop},
        pages={3--13},
        month={June},
        year={2003},
        annote={})

@InProceedings(GWV2,
        key={Greve},
        author={D. Greve and M Wilding and R. Richards and W. Vanfleet},
        title={Formalizing security policies for dynamic and distributed systems},
        booktitle={Proceedings of the 16th Annual Systems and Software Technology
                   Conference (SSTC)},
        month={April},
        year={2004},
        annote={})

@Manual(Gypsy-Users-Manual,
        Author={R.L. Akers and B.A. Hartman and L.M.
                Smith and M.C. Taylor and W.D. Young},
        Key={Akers},
        Title={Gypsy Verification Environment User's Manual},
        Number={Technical Report 61},
        Year={1990},
        Organization={Computational Logic, Incorporated})

@InProceedings(goguen82, 
        key={GoguenMeseguer},
	Title={Security Policies and Security Models},
	Author={Goguen, J.A. and Meseguer, J.},
	Booktitle={Proc. 1982 IEEE Symposium on Security and Privacy},
	Month={April},
	Year={1982},
        pages={11--20})


@InProceedings(HaighYoung86,
        key={HaighYoung86},
        author={J.T. Haigh and W.D. Young},
        title={Extending the Non-Interference Version of {MLS} for {SAT}},
        publisher={IEEE Computer Society},
        booktitle={Proceedings of the Symposium on Security and Privacy},
        pages={232--239},
        month={April},
        year={1986},
        note={Reprinted in {\it IEEE Transactions on Software
              Engineering} (January, 1987) and in Rein Turn (editor),
              {\it Advances in Computer System Security, Volume III},
              Artech House, Inc., 1988.})

@Article(BevierYoung94,
        key={BevierYoung94},
        author={W.R. Bevier and W.D. Young},
        title={A State-Based Approach to Noninterference},
        journal={Journal of Computer Security},
        volume={3},
        number={1},
        pages={55--70},
        year={1994/95},
        annote={})

@InProceedings(Young04,
        key={Young04},
        author={W. Young},
        title="{Using ACL2 to Model Noninterference Security}",
        booktitle={2004 South Central Information Security Symposium},
        month={April},
        year={2004},
        annote={})


@Book{hp,
 author     = "J. L. Hennessey and D. A. Patterson",
 title      = "{Computer Architecture: A Quantitative Approach}",
 edition    = "$3$rd",
 publisher  = "Morgan-Kaufmann",
 year       = "2002",
 address    = "San Francisco, CA"
}

@Book{verilog1,
  author    = "S. Palnitkar",
  title     = "{Verilog HDL}",
  edition   = "$2$nd",
  year      = "2003",
  publisher = "Prentice-Hall"
}

@Book{ss,
 author     = "B. Shriver and B. Smith",
 title      = "{The Anatomy of a High-Performance Microprocessor}",
 publisher  = "{IEEE Computer Society Press}",
 year       = "1998"
}

@Book{godel,
 author     = "K. G{\"o}del",
 title      = "{On Formally Undecidable Propositions of Principia Mathematica
                and Related Systems}",
 publisher  = "Dover Publications",
 month      = feb,
 year       = "1992",
}

@Book{vhdl,
  author    = "J. Bhasker",
  title     = "{A VHDL Primer}",
  publisher = "Prentice-Hall",
  year      = "1992"
}

@Book{verilog,
  author    = "D. E. Thomas and P. R. Moorby",
  title     = "{The Verilog\textregistered\ Hardware Description Language}",
  edition   = "$3$rd",
  publisher = "Kluwer Academic Publishers",
  year      = "1996"
}

@Book{sim1,
  author    = "C. Maxfield",
  title     = "{The Design Warrior's Guide to FPGAs: 
                Devices, Tools, and Flows}",
  publisher = "Elsevier",
  year      = "2004"
}
  
 
@Book{sim2,
  author     = "J. Bergeron",
  title      = "{Writing Testbenches: Functional Verification 
                 of HDL Models}",
  publisher  = "Kluwer Academic Publishers",
  edition    = "$2$nd",
  year       = "2003"
}
   

@Book{elements,
  author    = "T. L. Heath",
  title     = "{Euclid's Elements (with Introduction and Commentary) volume 1}",
  publisher = "Dover Publications",
  year      = "1956"
}

@Book{nuprl,
  author    = "R. L. Constable and and S. F. Allen and H. M. Bromley and
               W. R. Cleveland and J. F. Cremer and R. W. Harper and D. J. 
               Howe and T. B. Knoblock and N. P. Mendler and P. Panangaden 
               and J. T. Sasaki and S. S. Smith",
  title     = "{Implementing Mathematics with the Nuprl Development System}",
  publisher = "Prentice-Hall",
  address   = "NJ",
  year      = "1986"
}

@Book{boole,
  author    = "G. Boole",
  title     = "{The Mathematical Analysis of Logic, Being an Essay 
                towards a Calculus of Deductive Reasoning}",
  publisher = "{Macmillan, Barclay, and Macmillan}",
  address   = "{Cambridge, UK}",
  year      = "1847"
}

@Book{leibniz,
  author    = "L. Couturat",
  title     = "{La Logique de Leibniz d'Apr{\`e}s des Documents In{\'e}dits}",
  publisher = "F. Alcan",
  year      = "1901"
}


@Book{roger,
  author    = "Rogers, Jr., H",
  title     = "{Theory of Recursive Functions and Effective Computability}",
  publisher = "MIT Press",
  year      = "1987"
}

@Book{principia,
  author    = "A. N. Whitehead and B. Russell",
  title     = "{Principia Mathematica}",
  publisher = "Cambridge University Press",
  year      = "1910"
}

@Book{goodstein,
  author    = "R. L. Goodstein",
  title     = "{Development of Mathematical Logic}",
  publisher = "Springer-Verlag",
  year      = "1971"
}

@Book{goodstein:recursive,
  author    = "R. L. Goodstein",
  title     = "{Recursive Number Theory}",
  publisher = "North-Holland",
  year      = "1964"
}

@Book{shankar-godel,
 author     = "N. Shankar",
 title      = "{Metamathematics, Machines, and G{\"o}del's Proof}",
 publisher  = "Cambridge University Press",
 year       = "1994"
}

@Book{kleene,
  author    = "S. C. Kleene",
  title     = "{Mathematical Logic}",
  publisher = "{John Wiley \& Sons}",
  address   = "Chichester",
  year      = "1967"
}

@Book{shoenfield,
  author    = "J. R. Shoenfield",
  title     = "{Mathematical Logic}",
  publisher = "Adison-Wesley",
  address   = "{Reading, MA}",
  year      = "1967"
}

@Book{strachey,
  author    = "R. Milne and C. Strachey",
  title     = "{A Theory of Programming Language Semantics}",
  publisher = "Halsted Press",
  address   = "{New York, NY}",
  year      = "1977"
}


@Book{rewriting, 
  author    = "F. Baader and T. Nipkow", 
  title     = "Term Rewriting and All That", 
  publisher = "Cambridge University Press", 
  year      = "1998" 
}  

@Book{logic,
  author    = "R. S. Boyer and J S. Moore",
  title     = "{A Computational Logic}",
  publisher = "Academic Press",
  address   = "{New York, NY}",
  year      = "1979"
}

@Book{aclh,
  author    = "R. S. Boyer and J S. Moore",
  title     = "{A Computational Logic Handbook}",
  publisher = "Academic Press",
  address   = "{New York, NY}",
  year      = "1988"
}

@Book{aclh2,
  author    = "R. S. Boyer and J S. Moore",
  title     = "{A Computational Logic Handbook}",
  publisher = "Academic Press",
  address   = "{London, UK}",
  year      = "1997"
}


@Book{acs,
  editor    = "M. Kaufmann and  P. Manolios and J S. Moore",
  title     = "Computer-Aided Reasoning: {ACL2} Case Studies",
  publisher = "Kluwer Academic Publishers",
  year      = 2000,
  month     = jun
}

@Book{car,
  author    = "M. Kaufmann and P. Manolios and J S. Moore",
  title     = "Computer-Aided Reasoning: An Approach",
  publisher = "Kluwer Academic Publishers",
  year      = 2000,
  month     = jun
}

@Book{unity,
  author    = "K. M. Chandy and J. Misra",
  title     = "{Parallel Program Design: A Foundation}",
  publisher = "Addison-Wesley",
  address   = "Cambridge, MA",
  year      = "1990"
}

@Book{spin,
  author    = "G. J. Holzmann",
  title     = "{The SPIN Model Checker: Primer and Reference Manual}",
  publisher = "Addison-Wesley",
  month     = nov,
  year      = "2003"
}

@Book{jm:multi,
  author    = "J. Misra",
  title     = "{A Discipline of Multiprogramming: 
                Programming Theory for Distributed Applications}",
  series    = "Monographs in Computer Science",
  publisher = "Springer",
  year      = "2001"
}

@Book{y86,
  author    = "R. E. Bryant and D. R. O'Hallaron",
  title     = "{Computer Systems: A Programmer's Perspective}",
  publisher = "Prentice-Hall",
  year      = "2003"
}

@Book{prh:set,
  author    = "P. R. Halmos",
  title     = {Naive Set Theory},
  publisher = "Van Nostrand",
  year      = 1960
}

@Book{nl:dist,
  author    = "N. Lynch",
  title     = "{Distributed Algorithms}",
  publisher = "{Morgan Kaufmann Publishers}",
  address   = "{San Mateo, CA}",
  year      = "1996"
}

@Book{kd:set,
  author    = "K. Devlin",
  title     = "The Joy of Sets: Fundamentals of Contemporary Set Theory",
  publisher = "Springer-Verlag",
  edition   = "$2$nd",
  year      = 1992
}

@Book{mc,
  author    = "E. M. Clarke and O. Grumberg and D. A. Peled",
  title     = "Model-Checking",
  publisher = "The MIT Press",
  address   = "Cambridge, MA",
  year      = 2000,
  month     = jan
}

@Book{Isabellehol,
  author    = "T. Nipkow and L. Paulson and M. Wenzel",
  title     = "{Isabelle/HOL: A Proof Assistant for Higher Order Logics}",
  publisher = "Springer-Verlag",
  series    = "LNCS",
  volume    = "2283",
  year      = 2002
}

@Book{piton,
  author    = "J S. Moore",
  title     = "{Piton: A Mechanically Verified Assembly Language}",
  publisher = "{Kluwer Academic Publishers}",
  year      = 1996
}

@Book{smv,
  author    = "K. McMillan",
  title     = "Symbolic Model Checking",
  publisher = "Kluwer Academic Publishers",
  year      = 1993
}


@Book{symsim,
  author    = "R. B. Jones",
  title     = "Symbolic Simulation Methods for Industrial Formal Verification",
  publisher = "Kluwer Academic Publishers",
  year      = 2002,
  month     = jun
}

@Book{ec,
  author    = "P. Molitor and J. Mohnke",
  title     = "{Equivalence Checking of Digital Circuits: Fundamentals, Principles, Methods}",
  publisher = "Springer-Verlag",
  year      = "2004"
}


@Book{fm8501,
  author     = "Hunt, Jr., W. A.",
  title      = "{FM8501: A Verified Microprocessor}",
  publisher  = "Springer-Verlag",
  series     = "LNAI",
  volume     = "795",
  year       = 1994
}  

@Book{kk:set,
  author    = {K. Kunen},
  title     = {Set Theory --- An Introduction to Independence Proofs},
  volume    = "102",
  series    = "Studies in Logic and Foundations of Mathematics",
  publisher = {North-Holland},
  address   = "Amsterdam",
  year      = 1980,
}

@Book{lisp,
  author    = "Steele, Jr., G. L",
  title     = "{Common Lisp the Language}",
  edition   = "$2$nd",
  publisher = "Digital Press",
  address   = "{30 North Avenue, Burlington, MA 01803}",
  year      = "1990"
}

@Book{hol,
  editor    = "M. J. C. Gordon and T. F. Melham",
  title     = "{Introduction to HOL: A Theorem-Proving Environment
                for Higher-Order Logic}",
  publisher = "Cambridge University Press",
  year      = "1993"
}

@Book{milner,
  author    = "R. Milner",
  title     = "{Communication and Concurrency}",
  publisher = "Prentice-Hall",
  year      = "1990"
}

@Book{cantor,
  author    = "G. Cantor",
  title     = "{Contributions to the Founding of the Theory of Transfinite Numbers}",
  publisher = "Dover Publications Inc.",
  year      = "1952",
  note      = "{Translated by P. E. B. Jourdain}"
}


@Article{harrison-sqrt,
  author    = "J. Harrison",
  title     = "{Formal Verification of Square Root Algorithms}",
  journal   = "Formal Methods in Systems Design",
  volume    = 22,
  pages     = "143-153",
  year      = 2003
}


@Article{paulson-unity,
  author    = "L. Paulson",
  title     = "{Mechanizing UNITY in Isabelle}",
  joutnal   = "{ACM Transactions on Computational Logic}",
  volume    = "1",
  number    = "1",
  year      = "2000",
  pages     = "3-32"
}

@Article{sh:pipeline,
 author     = "J. Sawada and Hunt, Jr., W. A.",
 title      = "{Verification of FM9801: An Out-of-Order Microprocessor 
                Model with Speculative Execution, Exceptions, and 
                Program-Modifying Capability}",
 journal    = "Formal Methods in Systems Design",
 volume     = "20",
 number     = "2",
 pages      = "187-222",
 year       = "2002"
}

@Article{itanium,
  author    = "B. Greer and J. Harrison and G. Henry and 
               W. Lei and P. Tang",
  title     = "{Scientific Computing on the Itanium\textregistered\ 
                Processor}",
  journal   = "Scientific Computing",
  volume    = "10",
  number    = "4",
  pages     = "329-337",
  year      = "2002"
}

@Article{dual-eval,
  author    = "B. Brock and Hunt, Jr., W. A.",
  title     = "{The Dual-Eval Hardware Description Language}",
  journal   = "Formal Methods in Systems Design",
  volume    = "11",
  number    = "1",
  pages     = "71-104",
  year      = "1997"
}

@Article{kunen-ramsey,
  author    = "K. Kunen",
  title     = "{A Ramsey Theorem in Boyer-Moore Logic}",
  journal   = "Journal of Automated Reasoning",
  volume    = "15",
  number    = "2",
  month     = oct,
  year      = "1995"
}

@Article{russ:vhdl,
  author    = "D. Russinoff",
  title     = "{A Formalization of a Subset of VHDL in the Boyer-Moore Logic}",
  journal   = "Formal Methods in Systems Design",
  volume    = "7",
  number    = "1/2",
  pages     = "7-25",
  year      = "1995"
}


@Article{external,
  title      = "{Integrating External Deduction Tools with ACL2}",
  author     = "M. Kaufmann and J S. Moore and S. Ray and E. Reeber",
  journal    = "{Journal of Applied Logic}",
  year       = "2007",
  note       = "{To Appear}"
}
  

@Article{realtime,
  author    = "M. Abadi and L. Lamport",
  title     = "{An Old-Fashioned Recipe for Real Time}",
  journal   = "{Communications of the ACM}",
  volume    = "16",
  number    = "5",
  month     = sep,
  year      = "1994",
  pages     = "1543-1571",
  publisher = "ACM Press"
}

@Article{checkerboard,
  author    = "L. Paulson",
  title     = "{A Simple Formalization and Proof for the Mutilated Chess Board}",
  journal   = "Logic Journal of the IGPL",
  volume    = "9",
  number    = "3",
  pages     = "499-509",
  year      = "2001"
}

@Article{gauss,
  author    = "D. Russinoff",
  title     = "{A Mechanical Proof of Quadratic Reciprocity}",
  journal   = "Journal of Automated Reasoning",
  volume    = "8",
  pages     = "3-21",
  year      = "1992"
}

@Article{bcg:stutter,
  author    = "M. Browne and E. M. Clarke and O. Grumberg",
  title     = "{Characterizing Finite Kripke Structures in Propositional 
                Temporal Logic}",
  journal   = "Theoretical Computer Science",
  volume    = "59",
  year      = "1988"
} 

@Article{alternating,
  author    = "K. A. Barlett and R. A. Scantlebury and P. C. Wilkinson",
  title     = "{A Note on Reliable Full Duplex Transmission over Half Duplex 
                Links}",
  journal   = "Communications of the ACM",
  volume    = "12",
  year      = "1969",
  publisher = "ACM Press"
}

@Article{hm:vcg,
  author    = "P. Homeier and D. Martin",
  title     = "{A Mechanically Verified Verification Condition Generator}",
  journal   = "The Computer Journal",
  volume    = "38",
  number    = "2",
  pages     = "131-141",
  month     = jul,
  year      = "1995"
}

@article{weyhrauch80,
 author     = "R. Weyhrauch",
 title      = "{Prolegomena to a Theory of Mechanized Formal Reasoning}",
 journal    = "Artificial Intelligence Journal",
 volume     = "13",
 number     = "1",
 pages      = "133--170",
 year       = "1980"
}


@Article{cantor:orig,
  author    = "G. Cantor",
  title     = "{Beitr\~{a}ge zur Begr\~{u}ndung der transfiniten Mengenlehre}",
  journal   = "Mathematische Annalen",
  volume    = "xlvi",
  pages     = "481-512",
  year      = "1895"
}

@Article{cantor:orig2,
  author    = "G. Cantor",
  title     = "{Beitr\~{a}ge zur Begr\~{u}ndung der transfiniten Mengenlehre}",
  journal   = "Mathematische Annalen",
  volume    = "xlix",
  pages     = "207-246",
  year      = "1897"
}

@Article{ck:ordinals,
  author    = "A. Church and S. C. Kleene",
  title     = "{Formal Definitions in the Theory of Ordinal Numbers}",
  journal   = "Fundamenta Mathematicae",
  volume    = "28",
  pages     = "11-21",
  year      = "1937"
}


@Article{ll:temporal,
  author    = "L. Lamport",
  title     = "{What Good is Temporal Logic?}",
  journal   = "Information Processing",
  volume    = "83",
  pages     = "657-688",
  year      = "1983"
}

@Article{shostak,
  author    = "R. E. Shostak",
  title     = "{A Practical Decision Procedure for Arithmetic with Function Symbols}",
  journal   = "Journal of the ACM",
  volume    = "26",
  number    = "2",
  month     = apr,
  pages     = "351-360",
  year      = "1979",
  publisher = "ACM Press"
}

@Article{lists,
  author    = "G. Nelson and D. C. Oppen",
  title     = "{Simplification by Cooperating Decision Procedures}",
  journal   = "ACM Transactions on Programming Languages and Systems",
  volume    = "1",
  number    = "2",
  month     = oct,
  year      = "1979",
  publisher = "ACM Press"
}

@Article{multi,
  author    = "J S. Moore",
  title     = "{A Mechanically Checked Proof of a Multiprocessor Result via a Uniprocessor
                View}",
  journal   = "Formal Methods in Systems Design",
  volume    = "14",
  number    = "2",
  month     = mar,
  year      = "1999",
  pages     = "213-228",
  publisher = "Kluwer Academic Publishers"
}

@Article{godel-orig,
  author    = "K. G{\"o}del",
  title     = "{{\"U}ber formal unentscheidbare S{\"a}tze der Principia Mathematica 
                und verwandter Systeme I}",
  journal   = "{Monatshefte f{\"u}r Mathematic und Physik}",
  volume    = "38",
  year      = "1931",
  pages     = "173-198"
}

@Article{jpr:refine,
  title     = "{Proving Refinement Using Transduction}",
  author    = "B. Jonsson and A. Pnueli and C. Rump",
  journal   = "Distributed Computing",
  volume    = "12",
  number    = "2-3",
  pages     = "129-149",
  year      = "1999"
}

@Article{robbins,
  title     = "{Solution to the Robbins Problem}",
  author    = "W. McCune",
  journal   = "Journal of Automated Reasoning",
  volume    = "19",
  number    = "3",
  pages     = "263-276",
  year      = "1997"
}

@Article{halting,
  author    = "A. M. Turing",
  title     = "{On computable Numbers, with an Application to the {\em Entscheidungsproblem}}",
  journal   = "{Proceedings of the London Mathematical Society}",
  volume    = "2",
  number    = "42",
  pages     = "230-265",
  year      = "1937"
}

@Article{gupta,
  author    = "A. Gupta",
  title     = "{Formal Hardware Verification Methods: A Survey}",
  journal   = "{Formal Methods in Systems Design}",
  volume    = "2",
  number    = "3",
  month     = oct,
  year      = "1992",
  pages     = "151-238",
  publisher = "Kluwer Academic Publishers"
}

@Article{kg,
  author    = "C. Kern and M. Greenstreet",
  title     = "{Formal Verification in Hardware Design: A Survey}",
  journal   = "{ACM Transactions on Design Automation of Electronic Systems}",
  volume    = "4",
  number    = "2",
  pages     = "123-193",
  year      = "1999",
  publisher = "ACM Press"
}

@Article{yu:cstring,
  author    = "R. S. Boyer and Y. Yu",
  title     = "{Automated Proofs of Object Code for a Widely Used Microprocessor}",
  journal   = "Journal of the ACM",
  volume    = "43",
  number    = "1",
  month     = jan,
  year      = "1996",
  publisher = "ACM Press"
}

@Article{hoare,
  author  = "C. A. R. Hoare",
  title   = "{An Axiomatic Basis for Computer Programming}",
  journal = "Communications of the ACM",
  volume  = "12",
  number  = "10",
  pages   = "576-583",
  year    = 1969
}

@Article{k5,
 author    = "J S. Moore and T. Lynch and M. Kaufmann",
 title     = "{A Mechanically Checked Proof of the Kernel of the 
               AMD5K86 Floating-point Division Algorithm}",
 journal   = "{IEEE Transactions on Computers}",
 volume    = "47",
 number    = "9",
 pages     = "913-926",
 year      = "1998",
 month     = sep,
 publisher = "{IEEE Computer Sciety Press}"
}

@Article{bdd,
  author    = "R. E. Bryant",
  title     = "{Graph-Based Algorithms for Boolean Function Manipulation}",
  journal   = "{IEEE Transactions on Computers}",
  volume    = "{C-$35$}",
  number    = "8",
  month     = aug,
  year      = "1986",
  pages     = "677-691",
  publisher = "{IEEE Computer Society Press}"
}

@Article{athlon1,
 author    = "D. Russinoff",
 title     = "{A Mechanically Checked Proof of IEEE Compliance of a
               Register-Transfer-Level Specification of the AMD-K7 Floating-point 
               Multiplication, Division, and Square Root Instructions}",
 journal   = "{LMS Journal of Computation and Mathematics}",
 volume    = "1",
 pages     = "148-200",
 publisher = "London Mathematical Society",
 month     = dec,
 year      = "1998"
}

@Article{pentium,
 author    = "J. O'Leary and X. Zhao and R. Gerth and C. H. Seger",
 title     = "{Formally Verifying IEEE Compliance of Floating-point Hardware}",
 journal   = "{Intel Technology Journal}",
 volume    = "Q1-1999",
 year      = "1999"
}

@Article{scott,
  author    = "D. Scott",
  title     = "{Logic and Programming Languages}",
  journal   = "Communications of the ACM",
  volume    = "20",
  number    = "9",
  publisher = "ACM Press",
  month     = sep,
  year      = "1977",
  address   = "{New York, NY}",
  pages     = "634-641"
}

@Article{spin2,
  author    = "G. J. Holzmann",
  title     = "{The Model Checker Spin}",
  journal   = "{IEEE} Transactions on Software Engineering",
  volume    = "23",
  number    = "5",
  month     = may,
  year      = "1997",
  pages     = "279-295"
}

@Article{cli,
  author   = "W. R. Bevier and Hunt, Jr., W. A. and J S. Moore and W. D. Young",
  title    = "{An Approach to System Verification}",
  journal  = "{Journal of Automated Reasoning}",
  volume   = "5",
  number   = "4",
  pages    = "409-530",
  month    = dec,
  year     = "1989"
}


@Article{verif,
  author   = "W. R. Bevier and Hunt, Jr., W. A. and J S. Moore and W. D. Young",
  title    = "{An Approach to System Verification}",
  journal  = "{Journal of Automated Reasoning}",
  volume   = "5",
  number   = "4",
  pages    = "411-428",
  month    = dec,
  year     = "1989"
}

@Article{nqthm, 
  author      = "R. S. Boyer and M. Kaufmann and J S. Moore",
  title       = "{The Boyer-Moore Theorem Prover and Its Interactive 
                  Enhancements}",
  journal     = "Computers and Mathematics with Applications",
  volume      = "29",
  number      = "2",
  pages       = "27-62",
  year        = 1995
}

@Article{resolution,
  author    = "J. A. Robinson",
  title     = "{A Machine-Oriented Logic Based on the Resolution Principle}",
  journal   = "Journal of the ACM",
  volume    = "12",
  number    = "1",
  pages     = "23-41",
  year      = "1965",
  publisher = "ACM Press"
}

@Article{tla,
  author    = "L. Lamport",
  title     = "{The Temporal Logic of Actions}",
  journal   = "{ACM Transactions on Programming Languages and Systems (ACM TOPLAS)}",
  volume    = "16",
  number    = "3",
  month     = may,
  year      = "1994",
  pages     = "827-923",
  publisher = "ACM Press"
}

@Article{non-resolution,
  author    = "W. W. Bledsoe",
  title     = "{Non-Resolution Theorem Proving}",
  journal   = "Artificial Intelligence",
  volume    = "9",
  number    = "1",
  pages     = "1-35",
  year      = "1977"
}
  

@Article{ll:bakery,
  author  = "L. Lamport",
  title   = "{A New Solution of Dijkstra's Concurrent Programming Problem}",
  journal = "Communications of the ACM",
  volume  = "17",
  number  = "8",
  pages   = "453-455",
  month   = aug,
  year    = "1974"
}

@Article{work-steal,
  author   = "N. S. Arora and R. D. Blumofe and C. G. Plaxton",
  title    = "{Thread Scheduling in Multiprogramming Multiprocessors}",
  journal  = "{Theory of Computing Systems}",
  volume   = "34",
  pages    = "115-144",
  year     = "2001"
}

@Article{ll:safelive,
  author    = "L. Lamport",
  title     = "{Proving the Correctness of Multiprocessor Programs}",
  journal   = "{IEEE Transactions on Software Engineering}",
  volume    = "{SE-$3$}",
  number    = "2",
  pages     = "125-143",
  month     = mar,
  year      = "1977",
  publisher = "{IEEE Computer Society Press}"
}

@Article{pmcp,
  author   = "K. R. Apt and D. Kozen",
  title    = "{Limits for Automatic Verification of Finite-state 
               Concurrent Systems}",
  journal  = "{Information Processing Letters}",
  volume   = "15",
  pages    = "307-307",
  year     = "1986"
}

@Article{goldshlag,
  author    = "D. M. Goldshlag",
  title     = "{Mechanically Verifying Concurrent Programs with  
                the Boyer-Moore Prover}",
  journal   = "{IEEE Transactions on Software Engineering}",
  volume    = "16",
  number    = "9",
  pages     = "1005-1023",
  year      = "1990",
  publisher = "{IEEE Computer Society Press}"
}
             
@Article{russinoff,
  author    = "D. Russinoff",
  title     = "{A Verification System for Concurrent Programs Based on
                the Boyer-Moore Prover}",
  journal   = "{Formal Aspects of Computing}",
  volume    = "4",
  pages     = "597-611",
  publisher = "Springer-Verlag",
  year      = "1992"
}

@Article{russ:garbage,
  author    = "D. Russinoff",
  title     = "{A Mechanically Verified Incremental Garbage Collector}",
  journal   = "{Formal Aspects of Computing}",
  publisher = "Springer-Verlag",
  volume    = "6",
  pages     = "359-390",
  year      = "1994"
}


@Article{jm:apprentice,
  author    = "J S. Moore and G. Porter",
  title     = "{The Apprentice Challenge}",
  journal   = "ACM Transactions on Programming Languages and Systems (ACM TOPLAS)",
  volume    = "24",
  number    = "3",
  pages     = "1-24",
  month     = may,
  year      = "2002",
  publisher = "ACM Press"
}

@Article{ll:refine,
  author    = "M. Abadi and L. Lamport",
  title     = "{The Existence of Refinement Mappings}",
  journal   = "{Theoretical Computer Science}",
  volume    = "82",
  number    = "2",
  month     = may,
  year      = "1991",
  pages     = "253-284",
}

@Article{dlm:garbage,
  author    = "E. W. Dijkstra and L. Lamport and A. J. Martin and 
               C. S. Scholten and E. F. M. Steffens",
  title     = "{On-the-Fly Garbage Collection: An Exercise in Cooperation}",
  journal   = "{Communications of the ACM}",
  volume    = "21",
  number    = "11",
  month     = nov,
  year      = "1978"
}

@Article{jar:defpun,
  title     = "{Partial Functions in {ACL2}}",
  author    = "P. Manolios and J S. Moore",
  journal   = "{Journal of Automated Reasoning}",
  volume    = "31",
  number    = "2",
  pages     = "107-127",
  year      = "2003"
}

@Article{conservative,
  author   = "M. Kaufmann and J S. Moore",
  title    = "{Structured Theory Development for a Mechanized Logic}",
  journal  = "Journal of Automated Reasoning",
  year     = 2001,
  volume   = 26,
  number   = 2,
  pages    = "161-203"
}

@Article{dijkstra,
  author  = "E. W. Dijkstra",
  title   = "{Guarded Commands, Non-determinacy 
              and a Calculus for Derivation of Programs}",
  journal = "Language Hierarchies and Interfaces",
  pages   = "111-124",
  year    = "1975"
}

@Article{ordinals,
  author    = "A. Beckmann and S. R. Buss and C. Pollett",
  title     = "{Ordinal Notations and Well-orderings in Bounded Arithmetic}",
  journal   = "{Annals of Pure and Applied Logic}",
  pages     = "197-223",
  year      = "2003"
}

@Article{emc,
  author    =  "E. M. Clarke and E. A. Emerson and A. P. Sistla",
  title     =  "{Automatic Verification of Finite State Concurrent Systems
                Using Temporal Logic}",
  journal   =  "{ACM Transactions on Programming Languages and Systems 
                (ACM TOPLAS)}",
  volume    =  "8",
  number    =  "2",
  pages     =  "244-263",
  month     =  apr,
  year      =  "1986"
}

@Article{sb:pipeline,
 author    = "M. Srivas and M. Bickford",
 title     = "{Formal Verification of a Pipelined Microprocessor}",
 journal   = "{IEEE Software}",
 volume    = "7",
 number    = "5",
 pages     = "52-64",
 month     = sep,
 year      = "{1990}",
 publisher = "IEEE Computer Society Press"
}

@Article{chou-partialorder,
 author    = "C. Chou and D. Peled",
 title     = "{Formal Verification of a Partial-Order Reduction 
               Technique for Model Checking}",
 journal   = "Journal of Automated Reasoning",
 volume    = 23,
 number    = "{3-4}",
 year      = 1999,
 pages     = "265--298"
}

@Inproceedings{secure-declassification,
 author       = "A. Banerjee and D. A. Naumann and S. Rosenberg",
 title        = "{Towards A Logical Account of Declassification}",
 booktitle    = "{Proceedings of the 2007 ACM SIGPLAN Workshop on Programming Languages and 
                  Analysis for Security  (PLAS 2007)}",
 editor       = "M. W. Hicks",
 month        = jun,
 year         = "2007",
 pages        = "61-66",
 publisher    = "ACM"
}


@Inproceedings{symbolic,
 author       = "J. Matthews and J S. Moore and S. Ray and D. Vroon",
 title        = "{Verification Condition Generation Via Theorem Proving}",
 booktitle    = "{Proceedings of the $13$th International Conference on 
                  Logic for Programming, Artificial Intelligence, and 
                  Reasoning (LPAR 2006)}",
 editor       = "M. Hermann and A. Voronkov",
 month        = nov,
 year         = "2006",
 series       = "LNCS",
 volume       = "4246",
 pages        = "362-376"
}

@incollection{operational-isabelle, 
author = "Oheimb, D. von and Nipkow, T.", 
title = "{Machine-checking the {J}ava Specification: Proving Type-Safety}", 
booktitle = "{Formal Syntax and Semantics of {J}ava}", 
editor = "J. Alves-Foss", 
publisher = "{Springer}", 
series = "{LNCS}", 
volume = "{1523}", 
pages = "{119--156}", 
year = "{1999}"
}


@Inproceedings{gunter:oracle,
  author    = "E. L. Gunter",
  title     = "{Adding External Decision Procedures to {HOL90}
              Securely}",
  booktitle = "{Proceedings of the $11$th International Conference on
                Theorem Proving in Higher Order Logics (TPHOLs 1998)}",
  editor    = "J. Grundy and M. C. Newey",
  series    = "LNCS",
  volume    = "1479",
  pages     = "143--152",
  year      = "1998",
  publisher = "Springer-Verlag"
}

@Article{ll:properties,
  author       = "L. Lamport",
  title        = "{Specifying Concurrent Program Modules}",
  journal      = "{ACM Transactions on Programming Languages and Systems (ACM TOPLAS) }",
  volume       = "5",
  number       = "2",
  year         = "1983",
  month        = apr,
  pages        = "190-222",
  publisher    = "ACM Press"
}

@Article{gordon:bddlib,
  author        = "M. J. C. Gordon",
  title         = "{Programming combinations of deduction and {BDD}-based
                    symbolic calculation}",
  journal       = "LMS Journal of Computation and Mathematics",
  volume        = "5",
  pages         = "56--76",
  year          = "2002",
}

@Article{ramsey-cantor1,
  author       = "L. Paulson",
  title        = "{Set Theory for Verification: I. From Foundations to Functions}",
  journal      = "Journal of Automated Reasoning",
  volume       = "11",
  pages        = "353-389",
  year         = "1993"
}

@Article{ramsey-cantor2,
  author       = "L. Paulson",
  title        = "{Set Theory for Verification: II. Induction and Recursion}",
  journal      = "Journal of Automated Reasoning",
  volume       = "15",
  pages        = "167-215",
  year         = "1995"
}


@Article{owicki-gries,
  author       = "S. S. Owicki and D. Gries",
  title        = "{Verifying Properties of Parallel Programs: An Axiomatic Approach}",
  journal      = "{Communications of the ACM}",
  volume       = "19",
  number       = "5",
  pages        = "279-285",
  year         = "1976",
  publisher    = "ACM Press"
}

@Article{jpf,
  title        = "{Model Checking Programs}",
  author       = "W. Visser and K. Havelund and G. Brat and S. Park and F. Lerda",
  journal      = "{Automated Software Engineering Journal}",
  volume       = "10",
  number       = "2",
  month        = apr,
  year         = "2003",
  pages        = "203-232",
  publisher    = "Kluwer Academic Publishers"
}


@Article{proofstyles-jar,
  title     = "{A Mechanical Analysis of Program Verification Strategies}",
  author    = "S. Ray and Hunt, Jr., W. A. and J. Matthews and J S. Moore",
  journal   = "{Journal of Automated Reasoning}",
  volume    = "40",
  number    = "4",
  pages     = "245-269",
  publisher = "{Springer}",
  month     = may,
  year      = "2008"
}


@Article{trips,
  title       = "{Scaling to the End of Silicon with EDGE Architectures}",
  author      = "D. Burger and S. W. Keckler and K. S. McKinley
                 M. Dahlin and L. K. John and C. Lin and C. R. Moore 
                 and J. Burrill and R. G. McDonald and W. Yoder",
  journal     = "{IEEE Computer}",
  volume      = "37",
  number      = "7",
  pages       = "44-55",
  month       = jul,
  year        = "2004",
  publisher   = "IEEE Computer Society Press"
}


@Techreport{interface,
  title        = "{A Proposed Interface Logic for Verification Environments}",
  author       = "J. D. Guttman",
  institution  = "{The Mitre Corporation}",
  number       = "M-91-19",
  month        = mar,
  year         = "1991"
}


@Techreport{viper,
  title        = "{A Proof of Correctness of the VIPER Microprocessor}",
  author       = "A. Cohn",
  institution  = "University of Cambridge, Computer Laboratory",
  number       = "104",
  month        = jan,
  year         = "1987"
}

@Techreport{interface-ans,
  title        = "{Should We Begin a Standardization Process for Interface Logics?}",
  author       = "M. Kaufmann and J S. Moore",
  institution  = "{Computational Logic Inc. (CLI)}",
  number       = "72",
  month        = jan,
  year         = "1992"
}


@Techreport{sqrt-irrational,
  author       = "R. Gamboa",
  title        = "{Square Roots in ACL2: A Study in Sonata Form}",
  institution  = "{Department of Computer Sciences, The University of Texas at Austin}",
  number       = "TR-96-34",
  year         = "1996"
}

@Techreport{escjava,
  author        = "D. L. Detlefs and K. R. M. Leino and G. Nelson and J. B. Saxe",
  title         = "{Extended Static Checking for Java}",
  institution   = "{Compaq Systems Research Center}",
  number        = "159",
  month         = dec,
  year          = "1998"
}

@Techreport{young-88,
  author        = "W. D. Young",
  Institution   = "Computational Logic Inc.",
  Number        = "33",
  Title         = "{A Verified Code Generator for a Subset of Gypsy}",
  Year          = "1988"
}

@Techreport{sr:deque,
   author      = "R. D. Blumofe and C. G. Plaxton and S. Ray",
   title       = "{Verification of a Concurrent Deque Implementation}",
   institution = "{Department of Computer Sciences, The University of Texas at Austin}",
   number      = "TR-99-11",
   month       = jun,
   year        = "1999"
}


@Techreport{coq,
  author      = "G. Dowek and A. Felty and G. Huet and C. Paulin and B. Werner",
  title       = "{The Coq Proof Assistant User Guide Version $5.6$}",
  institution = "INRIA",
  number      = "TR $134$",
  month       = dec, 
  year        = "1991"
}

@Techreport{reflect,
  author      = "J. Harrison",
  title       = "{Metatheory and Reflection in Theorem Proving: A Survey and Critique}",
  institution = "{SRI International Cambridge Computer Science Research Center}",
  number      = "CRC-053",
  year        = "1995"
}

@Techreport{hol-light,
  author      = "J. Harrison",
  title       = "{The HOL Light Manual Version 1.1}",
  url         = "{{\tt http://www.cl.cam.ac.uk/users/jrh/hol-light/}}",
  institution = "{University of Cambridge Computer Laboratory}",
  address     = "{New Museums Site, Pembroke Street, Cambridge CB2 3Qg, England}",
  month       = apr,
  year        = "2000"
}

@Techreport{goals,
  author      = "M. Kaufmann and J S. Moore",
  title       = "{Design Goals of ACL2}",
  institution = "Computational Logic Incorporated (CLI)",
  number      = "101",
  address     = "{1717 West Sixth Street, Suite 290, Austin, TX 78703}",
  year        = "1994"
}

@Techreport{gloess,
  author      = "P. Y. Gloess",
  title       = "{Imperative Program Verification in PVS}",
  institution = "{\'{E}cole Nationale Sup\'{e}rieure \'{E}lectronique, 
                  Informatique et Radiocommunications de bordeaux}",
  note        = "See URL {\tt http://\-dept-info.labri.\-u.bordeaux.fr/\-imperative/\-index.html}",
  year        = "1999"
}


@Techreport{invariants,
  author       = "R. Sumners and S. Ray",
  title        = "{Proving Invariants via Rewriting and Abstraction}",
  institution  = "Department of Computer Sciences, University of Texas at Austin",
  number       = "TR-05-35",
  month        = jul,
  year         = "2005"
}

@Phdthesis{rs:diss,
  author  = "R. Sumners",
  title   = "{Deductive Mechanical Verification of Concurrent Systems}",
  school  = "{Department of Electrical and Computer Engineering,
              The Unversity of Texas at Austin}",
  year    = "2005"
}

@Phdthesis{necula,
  author   = "G. Necula",
  title    = "{Compiling with Proofs}",
  school   = "Carnegie-Melon University",
  month    = sep,
  year     = "1998"
}

@Phdthesis{bevier-87,
   author  = "W. R. Bevier",
   title   = "A Verified Operating System Kernel",
   school  = "{Department of Computer Sciences, 
              The University of Texas at Austin}",
   year    = 1987
}

@Phdthesis{siva,
  author   = "M. K. Ganai",
  title    = "{Algorithms for Efficient State Space Search}",
  school   = "{Department of Electrical and Computer Engineering,
               The University of Texas at Austin}",
  year     = "2001"
}  

@PhdThesis{pm:diss,
  author = "P. Manolios",
  title  = "{Mechanical Verification of Reactive Systems}",
  school = "{Department of Computer Sciences, 
            The University of Texas at Austin}",
  year   = "2001"
}

@PhdThesis{kit,
  author     = "W. R. Bevier",
  title      = "{A Verified Operating System Kernel}",
  school     = "{Department of Computer Sciences, 
                 The University of Texas at Austin}",
  year       = "1987"
}

@PhdThesis{flatau,
  author      = "A. D. Flatau",
  title       = "{A Verified Language Implementation of an Applicative Language
                  with Dynamic Storage Allocation}",
  school      = "{Department of Computer Sciences, 
                  The University of Texas at Austin}",
  year        = "1992"
}

@PhdThesis{rg:diss,
  author  = "R. Gamboa",
  title   = "{Mechanically Verifying Real-valued Algorithms in ACL2}",
  school  = "{Department of Computer Sciences, 
              The University of Texas at Austin}",
  year    = 1999
}

@PhdThesis{yy:diss,
  author     = "Y. Yu",
  title      = "{Automated Proofs of Object Code for a Widely Used Microprocessor}",
  school     = "{Department of Computer Sciences, 
                 The University of Texas at Austin}",
  year       = 1992
} 

@Phdthesis{king,
   author  = "J. C. King",
   title   = "{A Program Verifier}",
   school  = {Carnegie-Melon University},
   year    = 1969
}

@Phdthesis{norrish,
        author      = "M. Norrish",
        title       = "{C Formalised in HOL}",
        school      = "{University of Cambridge}",
        year        = "1998"
}


@PhdThesis{js:diss,
  author  = "J. Sawada",
  title   = "{Formal Verification of an Advanced Pipelined Machine}", 
  school  = "{Department of Computer Sceinces, 
             The University of Texas at Austin}",
  year    = "1999"
}

@PhdThesis{sxs,
  author  = "J. Baumgartner",
  title   = "{Automatic Structural Abstraction Techniques for Enhanced 
              Verification}",
  year    = "2002",
  school  = "{Department of Electrical and Computer Engineering,
              The University of Texas at Austin}"
}

@PhdThesis{heilmann:dc,
  author  = "S. T. Heilmann",
  title   = "Proof Support for Duration Calculus",
  year    = "1999",
  school  = "{Department of Information Technology, 
              Technical University of Denmark}",
}


@InProceedings{cap,
  author     =  "B. Brock and Hunt, Jr., W. A.",
  title      =  "{Formal Analysis of the Motorola CAP DSP}",
  booktitle  =  "{Industrial-Strength Formal Methods}",
  editor     =  "M. Hinchey and J. Bowen",
  publisher  =  "Springer-Verlag",
  year       =  "1999"
}

@InCollection{basin:mona,
  address    = "Baldock, Herts, UK",
  author     = "D. Basin and S. Friedrich",
  booktitle  = "Frontiers of Combining Systems 2",
  editor     = "D. M. Gabbay and M. de Rijke",
  month      = feb,
  pages      = "39--56",
  publisher  = "Research Studies Press/Wiley",
  title      = "{Combining {WS1S} and {HOL}}",
  year       = "2000",
}


@Inproceedings{iwil,
  title      = "{Integrating External Deduction Tools with ACL2}",
  author     = "M. Kaufmann and J S. Moore and S. Ray and E. Reeber",
  booktitle  = "{Proceedings of the $6$th International Workshop on Implementation of 
                 Logics (IWIL 2006)}",
  editor     = "C. {Benzm\"uller} and B. Fischer and G. Sutcliffe",
  year       = "2006",
  month      = nov,
  series     = "{CEUR Workshop Proceedings}",
  volume     = "212",
  pages      = "7-26"
}


@inproceedings{Chaff,
   title     = "{Chaff: Engineering an Efficient SAT Solver}",
   author    = "M. Moskewicz and C. Madigan and Y. Zhao and L. Zhang and S. Malik",
   booktitle = "{Proceedings of the 38th Design Automation Conference (DAC 2001)}",
   publisher = "ACM Press",
   pages     = "530-535",
   year      = "2001"
}

@Inproceedings{hurd-fol,
  author    = "J. Hurd",
  title     = "{An LCF-Style Interface between HOL and First-Order Logic}",
  booktitle = "{Proceedings of the $18$th International Conference on Automated Deduction 
                (CADE 2002)}",
  editor    = "A. Voronkov",
  series    = "LNCS",
  publisher = "Springer-Verlag",
  pages     = "134-138",
  volume    = "2392",
  year       = "2002",
}

@Inproceedings{pvs-model,
  author     = "S. Rajan and N. Shankar and M. K. Srivas",
  title      = "{An Integration of Model-Checking with Automated Proof Checking}",
  booktitle  = "{Proceedings of the $8$th International Conference on 
                 Computer-Aided Verification (CAV '95)}",
  year       = "1995",   
  editor     = "P. Wolper",    
  series     = "LNCS",
  volume     = "939",    
  pages      = "84--97",
  publisher  = "Springer-Verlag"
}

@Inproceedings{pvs-total,
  author     = "N. Shankar",
  title      = "{Using Decision Procedures with Higher Order Logics}",
  editor     = "R. J. Boulton and P. B. Jackson",
  booktitle  = "{Proceedings of the $14$th International Conference on Theorem Proving in Higher-Order Logics
                 (TPHOLs 2001)}",
  volume     = "2152",
  series     = "LNCS",
  pages      = "5-26",
  year       = "2001",
  publisher  = "Springer-Verlag"
}

@Inproceedings{sixthsense,
  author    = "H. Mony and J. Baumgartner and V. Paruthi and R. Kanzelman
               and A. Kuehlmann",
  title     = "{Scalable Automated Verification via Exper-System Guided Transformations}",
  editor    = "A. J. Hu and A. K. Martin",
  booktitle = "{Proceedings of the $5$th International Conference on Formal Methods in 
                Computer-Aided Design (FMCAD 2004)}",
  series    = "LNCS",
  volume    = "3312",
  pages     = "217-233",
  publisher = "Springer-Verlag",
  year      = "2004"
}
  
@Inproceedings{gordon:verilog,
  author    = "M. J. C. Gordon",
  title     = "{The Semantic Challenges of Verilog HDL}",
  booktitle = "{Proceedings of the $10$th Annual IEEE Symposium on 
                Logic in Computer Science
                (LICS 1995)}",
  pages     = "136-145",
  publisher = "{IEEE Computer Society Press}",
  year      = "1995"
}

@Inproceedings{amd:rtl-lib,
  author    = "A. Flatau and M. Kaufmann and D. F. Reed and D. Russinoff
               and E. W. Smith and R. Sumners",
  title     = "{Formal Verification of Microprocessors at AMD}",
  editor    = "M. Sheeran and T. F. Melham",
  booktitle = "{$4$th International Workshop on Designing Correct Circuits 
                (DCC 2002)}",
  address   = "Grenoble, France",
  month     = apr,
  year      = "2002"
}

@Inproceedings{ihs,
  author    = "B. Brock and Hunt, Jr., W. A.",
  title     = "{Formally Specifying and Mechanically Verifying Programs for 
                the Motorola Complex Arithmetic Processor DSP}",
  pages     = "31-36",
  booktitle = "{Proceedings of the $1997$ International Conference on 
                Computer Design: VLSI in Computers \& Processors (ICCD 1997)}",
  year      = "1997",
  publisher = "IEEE Computer Society Press",
  address   = "Austin, TX"
}

@Inproceedings{p2p,
  author    = "X. Li and J. Misra and C. G. Plaxton",
  title     = "{Active and Concurrent Topology Maintenance}",
  booktitle = "{Proceedings of the $18$th Annual Conference on Distributed 
                Computing (DISC 2004)}",
  year      = "2004",
  publisher = "Springer-Verlag",
  series    = "LNCS",
  editor    = "R. Guerraoui",
  month     = oct,
  volume    = "3274",
  pages     = "320-334"
} 
  
  
@Inproceedings{rtmc,
  author    = "L. Lamport",
  title     = "{Real Time Model Checking is Really Simple}",
  booktitle = "{Proceedings of the $13$th Working Conference on Correct Hardware 
                Design and Verification Methods (CHARME 2005)}",
  editor    = "W. Paul",
  series    = "LNCS",
  publisher = "Springer-Verlag",
  address   = "Saarbr{\"u}cken, Germany",
  year      = "2005"
}
  

@Inproceedings{frege,
  author    = "G. Frege",
  title     = "{{\"U}ber Sinn and Bedeutung}",
  series    = "{Zeitschrift f\"{u}r Philosophie und philosophische 
                Kritik}",
  volume    = "100",
  pages     = "25-50",
  year      = "1892"
}

@Inproceedings{fm9001,
  author    = "Hunt, Jr., W. A. and B. Brock",
  title     = "{A Formal HDL and Its Use in the FM9001 Verification}",
  booktitle = "Mechanized Reasoning and Hardware Design",
  series    = "Prentice-Hall International Series in Computer Science",
  editor    = "C. A. R. Hoare and M. J. C. Gordon",
  pages     = "35-48",
  publisher = "Prentice-Hall",
  address   = "Englewood Cliffs, NJ",
  year      = "1992"
}
  


@Inproceedings{theorems,
  author    = "A. Newell and J. C. Shaw and H. A. Simon",
  title     = "{Report on a General Problemn-solving Program}",
  booktitle = "IFIP Congress",
  pages     = "256-264",
  year      = "1959"
}
  

@Inproceedings{pvs:modelcheck,
  author     = "S. Rajan and N. Shankar and M. K. Srivas",
  title      = "{An Integration of Model Checking with Automated Proof Checking}",
  editor     = "P. Wolper",
  booktitle  = "{Proceedings of the $7$th International Conference on Computer-Aided 
                 Verification (CAV 1995)}",
  series     = "LNCS",
  volume     = "939",
  pages      = "84-97",
  year       = "1995",
  publisher  = "Springer-Verlag"
}

@Inproceedings{tlc,
  author     = "L. Lamport and J. Matthews and M. Tuttle and Y. Yu",
  title      = "{Specifying and Verifying Systems with TLA+}",
  editor     = "E. Jul",
  booktitle  = "{Proceedings of the $10$th ACM SIGOPS European Workshop}",
  year       = "2002",
  address    = "{Copenhagen, Denmark}",
  pages      = "45-48"
}

@Inproceedings{defpun-exec,
  author     = "S. Ray",
  title      = "{Attaching Efficient Executability to Partial Functions in ACL2}",
  booktitle  = "{$5$th International Workshop on the ACL2 Theorem Prover and Its Applications
                 (ACL2 2004)}",
  editor     = "M. Kaufmann and J S. Moore",
  year       = "2004",
  month      = nov,
  address    = "{Austin, TX}"
}

@Inproceedings{acl2vhdl,
  author     = "J. Sawada",
  title      = "{ACL2VHDL Translator: A Simple Approach to Fill the Semantic Gap}",
  booktitle  = "{$5$th International Workshop on the ACL2 Theorem Prover and Its Applications
                 (ACL2 2004)}",
  editor     = "M. Kaufmann and J S. Moore",
  year       = "2004",
  month      = nov,
  address    = "{Austin, TX}"
}


@Inproceedings{invariants-acl2,
  author     = "R. Sumners and S. Ray",
  title      = "{Reducing Invariant Proofs to Finite Search via Rewriting}",
  booktitle  = "{$5$th International Workshop on the ACL2 Theorem Prover and Its Applications
                 (ACL2 2004)}",
  editor     = "M. Kaufmann and J S. Moore",
  year       = "2004",
  month      = nov,
  address    = "{Austin, TX}"
}

@Inproceedings{holacl2,
  author     = {M.~J.~C. Gordon and W.~A.~{Hunt,~Jr.} and M.~Kaufmann and J.~Reynolds},
  title      = {An Embedding of the {ACL2} Logic in {HOL}},
  booktitle  = "{$6$th International Workshop on the ACL2 Theorem Prover and Its Applications
                 (ACL2 2006)}",
  editor     = "P.~Manolios and M.~Wilding",
  year       = "2006",
  month      = aug,
  address    = "{Seattle, WA}"
}

@Inproceedings{holacl2-fmcad,
  author     = "M. J. C. Gordon and Hunt, Jr., W. A.  and M. Kaufmann and J. Reynolds",
  title      = "{An Integration of {HOL} and {ACL2}}",
  booktitle  = "{Proceedings of the $6$th International Conference on 
                 Formal Methods in Computer-Aided Design (FMCAD 2006)}",
  editor     = "A. Gupta and P. Manolios",
  year       = "2006",
  month      = nov,
  pages      = "153-160",
  publisher  = "IEEE Computer Society Press"
}

@Inproceedings{acl2six,
  author     = "J. Sawada and E.~Reeber",
  title      = "{ACL2SIX: A Hint used to Integrate a Theorem Prover and an Automated Verification Tool}",
  booktitle  = {Proceedings of the $6$th International Conference on Formal Methods in Computer-Aided Design (FMCAD 2006)},
  editor     = "A. Gupta and P. Manolios",
  year       = "2006",
  pages      = "161-168",
  month      = nov,
  address    = "{San Jose, CA}",
  publisher  = "Springer-Verlag"
}

@Inproceedings{park:concurrency,
  author     = "D. Park",
  title      = "{Concurrency and Automata on Infinite Sequences}",
  booktitle  = "{Proceedings of the $5$th GI-Conference on Theoretical Computer Science}",
  series     = "LNCS",
  volume     = "104",
  pages      = "167-183",
  publisher  = "Springer-Verlag",
  year       = "1981"
}

@Inproceedings{lakhnech,
  author    = "Y. Lakhnech and S. Bensalem and S. Berezin and S. Owre",
  title     = "{Incremental Verification by Abstraction}",
  booktitle = "{Proceedings of the $7$th International Conference on Tools and Algorithms for
                Construction and Analysis of Systems (TACAS 2001)}",
  editor    = "T. Margaria and W. Yi",
  volume    = "2031",
  series    = "LNCS",
  pages     = "98-112",
  year      = "2001",
  month     = apr,
  publisher = "Springer-Verlag"
}

@Inproceedings{ll:extend,
  author    = "K. Engelhardt and W. P. de Roever",
  title     = "{Generalizing Abadi \& Lamport's Method to Solve a Problem Posed                 by Pnueli}",
  booktitle = "{Industrial-strength Formal Methods, $1$st
                International Symposium of Formal Methods Europe}",
  address   = "{Odense, Denmark}", 
  series    = "LNCS",
  volume    = "670",
  editor    = "J. Woodcock and P. G. Larsen",
  publisher = "Springer-Verlag",
  year      = "1993",
  pages     = "294-313",
  month     = apr
}  

@Inproceedings{attie:refine,
  author    = "P. Attie",
  title     = "{Liveness-preserving Simulation Relations}",
  booktitle = "{Proceedings of $18$th ACM Symposium on Principles of Distributed Computing 
                (PODC 1999)}",
  editor    = "J. Welch",
  pages     = "63-72",
  month     = may,
  year      = "1999",
  publisher = "ACM Press"
}

@Inproceedings{pm:refine,
  author    = "P. Manolios",
  title     = "{A Compositional Theory of Refinement for Branching Time}",
  booktitle = "{Proceedings of the $12$th Working Conference on Correct Hardware Design 
                and Verification Methods}",
  series    = "LNCS",
  volume    = "2860",
  editor    = "D. Geist",
  pages     = "304-218",
  year      = "2003",
  publisher = "Springer-Verlag"
}

@Incollection{meta,
  author    = "R. S. Boyer and J S. Moore",
  title     = "{Metafunctions: Proving them Correct and Using Them Efficiently as New
                Proof Procedure}",
  editor    = "R. S. Boyer and J S. Moore",
  booktitle = "{The Correctness Problem in Computer Science}",
  publisher = "Academic Press",
  address   = "London, UK",
  pages     = "103-184",
  year      = "1981"
}
   
@Inproceedings{gste,
  author    = "J. Yang and C. H. Seger",
  title     = "{Generalized Symbolic Trajectory Evaluation --- Abstraction in Action}",
  booktitle = "{Proceedings of the $4$th International Conference on 
                Formal Methods in Computer-Aided Design (FMCAD 2002)}", 
  year      = "2002",
  editor    = "M. Aagaard and J. W. O'Leary",
  volume    = "2517",
  series    = "LNCS",
  address   = "Portland, OR",
  publisher = "Springer-Verlag",
  pages     = "70-87"
}
 

@Inproceedings{hess:refine,
  author    = "W. Hesselink",
  title     = "{Eternity Variables to Simulate Specification}",
  booktitle = "Proceedings of Mathematics of Program Construction",
  series    = "LNCS",
  volume    = "2386",
  address   = "Dagstuhl, Germany",
  pages     = "117-130",
  year      = "2002",
  publisher = "Springer-Verlag"
}

@Inproceedings{mc-orig2,
  author    = "J. P. Queille and J. Sifakis",
  title     = "{Specification and Verification of Concurrent Systems in CESAR}",
  booktitle = "{Proceedings of the $5$th International symposimum on Programming}",
  volume    = "137",
  series    = "LNCS", 
  publisher = "Springer-Verlag",
  pages     = "337-351",
  year      = "1982"
}

@Inproceedings{mc-orig,
  author    = "E. M. Clarke and E. A. Emerson",
  title     = "{Design and Synthesis of Synchronization Skeletons
                Using Branching-Time Temporal Logic}",
  editor    = "D. C. Kozen",
  booktitle = "{Logic of Programs, Workshop}",
  address   = "{Yorktown Heights, NY}",
  month     = may,
  year      = "1981",
  series    = "LNCS",
  publisher = "Springer-Verlag",
  volume    = "131",
  pages     = "52-71"
}
  
  

@Inproceedings{forte,
  author    = "M. D. Aagard and R. B. Jones and R. Kaivola and K. R. Kohatsu 
               and C. H. Seger",
  title     = "Formal Verification of Iterative Algorithms in Microprocessors",
  booktitle = "{Proceedings of the $37$th ACM/IEEE Design Automation Conference 
                (DAC 2000)}",
  year      = "2000",
  address   = "{Los Angeles, CA}",
  pages     = "201-206",
  publisher = "ACM Press"  
}

@Inproceedings{wang,
  author    = "H. Wang",
  title     = "{Mechanical Mathematics and Inferential Analysis}",
  editor    = "P. Braffort and D. Hershberg",
  booktitle = "Computer Programming and Formal Systems",
  publisher = "North-Holland",
  year      = "1963"
}

@Inproceedings{geother,
  author    = "D. Wang",
  title     = "{GEOTHER 1.1: Handling and Proving Geometric Theorems Automatically}",
  booktitle = "{Automated Deduction in Geometry}",
  editor    = "F. WInkler",
  series    = "LNAI",
  volume    = "2930",
  pages     = "194-215",
  address   = "Berlin, Germany",
  year      = "2004",
  publisher = "Springer-Verlag"
}

@Inproceedings{otter,
  author    = "W. McCune",
  title     = "{$33$ Basic Test Problems: A practical evaluation of some paramodulation strategies}",
  booktitle = "{Automated Reasoning and its Applications: Essays in Honor of Larry Wos, Chapter $5$}",
  editor    = "R. Veroff",
  pages     = "71-114",
  publisher = "MIT Press",
  year      = "1997"
}


@Inproceedings{ste,
  author    = "C. Chou",
  title     = "The Mathematical Foundation of Symbolic Trajectory Evaluation",
  booktitle = "{Proceedings of the $11$th International Conference on Computer-Aided
                Verification (CAV 1999)}",
  editor    = "N. Halbwacha and D. Peled",
  volume    = "1633",
  series    = "LNCS",
  pages     = "196-207",
  publisher = "Springer-Verlag",
  year      = 1999
}

@Inproceedings{partialorder,
  author    = "S. Katz and D. Peled",
  title     = "{An Efficient Verification Method for Parallel and Distributed Programs}",
  booktitle = "{Workshop on Linear time, Branching time and Partial Order Logics and 
                Models of Concurrency}",
  editor    = "J. W. de Bakker and W. P. de Roever",
  publisher = "Springer-Verlag",
  series    = "LNCS",
  volume    = "354",
  pages     = "489-507",
  year      = "1988"
}
  

@Inproceedings{nurewriter,
 author     = "J S. Moore",
 title      = "{Rewriting for Symbolic Execution of State Machine Models}",
 booktitle  = "{Proceedings of the $13$th International Conference on Computer-Aided 
                Verification (CAV 2001)}",
 publisher  = "Springer-Verlag",
 editor     = "G. Berry and H. Comon and J. Finkel",
 series     = "LNCS",
 volume     = "2102",
 pages      = "411-422",
 month      = sep, 
 year       = "2001"
}

@Inproceedings{linear,
  author    = "Hunt, Jr., W. A. and R. B. Krug and J S. Moore",
  title     = "{Linear and Nonlinear Arithmetic in ACL2}",
  booktitle = "{Proceedings of the $12$th International Conference on Correct Hardware Design and
                Verification Methods (CHARME 2003)}",
  editor    = "D. Geist",
  publisher = "Springer-Verlag",
  series    = "LNCS",
  volume    = "2860",
  pages     = "319-333",
  month     = jul,
  year      = "2003"
}

@Inproceedings{ek:parametric,
  author    = "E. A. Emerson and V. Kahlon",
  title     = "{Exact and Efficient Verification of Parameterized Cache Coherence Protocols}",
  booktitle = "{Proceedings of the $12$th International Conference on Correct Hardware Design and
                Verification Methods (CHARME 2003)}",
  editor    = "D. Geist",
  publisher = "Springer-Verlag",
  series    = "LNCS",
  volume    = "2860",
  pages     = "247-262",
  month     = jul,
  year      = "2003"
}

@Inproceedings{linear-orig,
  author     = "R. S. Boyer and J S. Moore",
  title      = "{Integrating Decision Procedures into Heuristic Theorem Provers: A Case Study 
                 for Linear Arithmetic}",
  booktitle  = "Machine Intelligence",
  volume     = "11",
  publisher  = "Oxford University Press",
  pages      = "83-124",
  year       = "1988"
}
  

@Inproceedings{symmetry,
  author     = "E. M. Clarke and E. A. Emerson and S. Jha and A. P. Sistla",
  title      = "{Symmetry Reductions in Model Checking}",
  booktitle  = "{Proceedings of the $11$th International Conference 
                 on Computer-Aided Verification (CAV 1998)}",
  series     = "LNCS",
  volume     = "1427",
  pages      = "147-158",
  year       = "1998",
  editor     = "A. J. Hu and M. Y. Vardi",
  publisher  = "Springer-Verlag"
}

@Inproceedings{assume, 
  author     = "A. Pnueli", 
  title      = "{In Transition for Global to Modular Temporal Reasoning
                 about Programs}", 
  editor     = "K. R. Apt",
  booktitle  = "{Logics and Models of Concurrent Systems}", 
  pages      = "123-144",
  publisher  = "Springer-Verlag", 
  year       = "1984" 
}

@Inproceedings{separation,
  author     = "J. C. Reynolds",
  title      = "{Intuitionist Reasoning about Shared Mutable Data Structures}",
  editor     = "J. Davies and B. Roscoe and J. Woodcock",
  booktitle  = "{Millennial Perspectives in Computer Science}",
  pages      = "303-321",
  address    = "Houndsmill, Hampshire",
  year       = "2000",
  publisher  = "Palgrave"
}

@Inproceedings{tc,
  author     = "A. Pnueli",
  title      = "{Linear and Branching Structures in the Semantics and Logics of
                 Reactive Systems}",
  booktitle  = "{Proceedings of the $12$th International Colloquium on 
                 Automata, Languages, and Programming (ICALP 1985)}",
  editor     = "W. Brauer",
  volume     = "194",
  series     = "LNCS",
  publisher  = "Springer-Verlag",
  pages      = "15-32",
  year       = "1985"
}


@Inproceedings{tl,
  author     = "A. Pnueli",
  title      = "{The Temporal Logic of Programs}",
  booktitle  = "{Proceedings of the $18$th Annual IEEE Symposium of 
                 Foundations of Computer Science}",
  month      = oct,
  year       = "1977",
  pages      = "46-57",
  publisher  = "IEEE Computer Society Press"
}

@Inproceedings{ray:ltl,
  author    = "S. Ray and J. Matthews and M. Tuttle",
  title     = "{Certifying Compositional Model Checking Algorithms in ACL2}",
  editor    = "Hunt, Jr., W. A. and M. Kaufmann and J S. Moore",
  booktitle = "{$4$th International Workshop on the ACL2 Theorem Prover and Its
                Applications (ACL2 2003)}",
  month     = jul,
  year      = "2003",
  address   = "Boulder, CO"
}

@Inproceedings{nim,
  author    = "M. Wilding",
  title     = "{A Mechanically Verified Application for a Mechanically Verified
                Environment}",
  booktitle = "{Proceedings of the $5$th International Conference on Computer-Aided 
                Verification (CAV 1993)}",
  editor    = "C. Courcoubetis", 
  series    = "LNCS",
  volume    = "697",
  pages     = "268-279",
  publisher = "Springer-Verlag",
  year      = "1993"
}  

@Inproceedings{athlon2,
  author    = "D. Russinoff and A. Flatau",
  title     = "{RTL Verification: A Floating Point Multiplier}",
  editor    = "M. Kaufmann and P. Manolios and J S. Moore",
  booktitle = "{Computer-Aided Reasoning: ACL2 Case Studies}",
  pages     = "201-232",
  month     = jun,
  publisher = "Kluwer Academic Publishers",
  year      = "2000"
}

@Inproceedings{ibm,
  author    = "S. W. Smith and V. Austel",
  title     = "{Trusting Trusted Hardware: Towards a Formal Model of Programmable 
                Secure Coprocessors}",
  booktitle = "Proceedings of the $3$rd USENIX Workshop on Electronic Commerce",
  month     = sep,
  year      = "1998"
}
 
@Inproceedings{jem1,
  author    = "D. A. Greve",
  title     = "{Symbolic Simulation of the JEM1 Microprocessor}",
  booktitle = "{Proceedings of the $2$nd International Conference on Formal 
                Methods in Computer-Aided Design (FMCAD 1998)}",
  editor    = "G. Gopalakrishnan and P. Windley",
  series    = "LNCS",
  volume    = "1522",
  publisher = "Springer-Verlag",
  year      = "1998"
}

@Inproceedings{m6-progs,
  author    = "H. Liu and J S. Moore",
  title     = "{Java Program Verification via a JVM Deep Embedding in ACL2}",
  booktitle = "{Proceedings of the $17$th International Conference on Theorem Proving 
                in Higher Order Logics (TPHOLs 2004)}",
  editor    = "K. Slind and A. Bunker and G. Gopalakrishnan",
  address   = "{Park City, Utah}", 
  series    = "LNCS",
  volume    = 3233,
  pages     = "184-200",
  year      = 2004,
  publisher = "Springer-Verlag"
}

@Inproceedings{meta-acl2,
  author    = "Hunt, Jr., W. A. and M. Kaufmann and R. Krug and J S. Moore and E. Smith",
  title     = "Meta Reasoning in {ACL2}",
  booktitle = "{Proceedings of the $18$th International Conference on Theorem Proving 
                in Higher Order Logics (TPHOLs 2005)}",
  editor    = "J. Hurd and T. Melham",
  address   = "{Oxford, England}", 
  series    = "LNCS",
  volume    = "3603",
  pages     = "163-178",
  year      = "2005",
  publisher = "Springer-Verlag"
}


@InProceedings{prosper,
  author    =  "L. A. Dennis and G. Collins and M. Norrish and R.
                Boulton and K. Slind and G. Robinson and M. Gordon and
                T. F. Melham",
  title     =  "The {PROSPER} Toolkit",
  booktitle =  "{Proceedings of the $6$th International Conference on 
                 Tools and Algorithms for Constructing Systems (TACAS 2000)}",
  address   =  "Berlin, Germany",
  editor    =  "S. Graf and M. Schwartbach",
  series    =  "LNCS",
  volume    =  "1785",
  year      =  "2000",
  pages     =  "78--92",
  publisher =  "Springer-Verlag",
}

@InProceedings{hol91*155,
    author    =  "von Wright, J.",
    title     =  "{Mechanizing the Temporal Logic of Actions in HOL}",
    pages     =  "155--161",
    ISBN      =  "0-8186-2460-4",
    editor    =  "M. Archer and J. J. Joyce and K. N. Levitt and P. J. Windley",
    booktitle =  "Proceedings of the $4$th International Workshop on the {HOL}
                  Theorem Proving System and its Applications",
    month     =  aug,
    publisher = "IEEE Computer Society Press",
    address =   "Davis, CA",
    year   =    "1991"
  }


@Inproceedings{bhargavan00,
   author      = "K. Bhargavan and C. A. Gunter and
                  D. Obradovic",
   title       = "{Routing Information Protocol in HOL/SPIN}",
   booktitle   = "Proceedings of the 13th International Conference
                  on Theorem Proving in Higher Order Logics
                  {(TPHOLs 2000)}",
   publisher   = "Springer-Verlag",
   editor      = "M. Aagard and J. Harrison",
   series      = "LNCS",
   volume      = 1869,
   year        = 2000,
   pages       = "53--72"
}

@InProceedings{wh:de,
  author    = "Hunt, Jr., W. A.",
  editor    = "P. Manlolios and M. Kaufmann and J S. Moore",
  title     = "{The DE Language}",
  booktitle = "Computer-Aided Reasoning: {ACL2} Case Studies",
  publisher = "Kluwer Academic Publishers",
  year      = 2000,
  month     = jun,
  pages     = "119-131"

}

@Inproceedings{schneider99hol,
  author    = "K. Schneider and D. W. Hoffmann",
  title     = "{A HOL Conversion for Translating Linear Time Temporal Logic to
               $\omega$-Automata}",
  booktitle = "{Proceedings of the $12$th International Conference on 
                Theorem Proving in Higher Order Logics (TPHOLS 1999)}",
  pages     = "255-272",
  editor    = "Y. Bertot and G. Dowek and A. Hirschowitz and  C. Paulin and L. Th\'{e}ry",
  series    = "LNCS",
  volume    = "1690",
  publisher = "Springer-Verlag",
  year      = "1999"
}

@Inproceedings{blast,
  author     = "T. A. Henzinger and R. Jhala and R. Majumdar and G. Sutre",
  title      = "{Lazy Abstraction}",
  booktitle  = "{Proceedings of the $29$th ACM-SIGPLAN Conference on 
                 Principles of Programming Languages (POPL 2002)}",
  publisher  = "ACM Press",
  year       = "2002",
  pages      = "58-70"
}

@Inproceedings{cousot:abstract,
  author     = "P. Cousot and R. Cousot",
  title      = "{Abstract Interpretation: A Unified Lattice Model for Static Analysis of 
                 Programs by Approximation or Analysis of Fixpoints}",
  booktitle  = "{Proceedings of the $4$th ACM Symposium on Principles 
                 of Programming Languages (POPL 1977)}",
  address    = "Los Angeles, CA",
  pages      = "238-252",
  year       = "1977",
  publisher  = "ACM Press"
}

@Inproceedings{gs:abstract,
  author    = "S. Graf and H. Saidi",
  title     = "{Construction of Abstract State Graphs with PVS}",
  booktitle = "{Proceedings of the $9$th International Conference on 
                Computer-Aided Verification (CAV 1997)}",
  editor    = "O. Grumberg",
  series    = "LNCS",
  publisher = "Springer-Verlag",
  volume    = "1254",
  pages     = "72-83",
  year      = "1997"
}

@InProceedings{strecker,
  author       = "M. Strecker",
  title        = "{Formal Verification of a {Java} Compiler in Isabelle}",
  booktitle    = "{Proeedings of the $18$th International Conference on 
                   Automated Deduction (CADE 2002)}",
  year         = 2002,
  volume       = "2392",
  series       = "LNCS",
  publisher    = "Springer-Verlag",
  pages        = "63-77",
  editor       = "A. Voronkov"
}

@Inproceedings{statechart,
  author        = "G. Hamon and J. Rushby",
  title         = "{An Operational Semantics for {Stateflow}}",
  booktitle     = "{Proceedings of the $7$th International Conference on 
                    Fundamental Approaches to Software Engineering (FASE 2004)}",
  pages         = "229--243",
  PUBLISHER     = "Springer-Verlag",
  volume        = "2984",
  SERIES        = "{LNCS}",
  editor        = "M. Wermelinger and T. Margaria",
  YEAR          = 2004
}

@Inproceedings{raymoore,
  author    = "S. Ray and J S. Moore",
  title     = "{Proof Styles in Operational Semantics}",
  editor    = "A. J. Hu and A. K. Martin",
  booktitle = "{Proceedings of the $5$th International Conference on 
                Formal Methods in Computer-Aided Design (FMCAD 2004)}",
  series    = "{LNCS}",
  volume    = "3312",
  address   = "{Austin, TX}",
  publisher = "{Springer-Verlag}",
  month     = nov,
  pages     = "67-81",
  year      = 2004
}


@Inproceedings{retirement,
  author    = "M. Aagaard and N. Day and R. B. Jones",
  title     = "{Synchronization-at-Retirement for Pipeline Verification}",
  editor    = "A. J. Hu and A. K. Martin",
  booktitle = "{Proceedings of the $5$th International Conference on 
                Formal Methods in Computer-Aided Design (FMCAD 2004)}",
  series    = "{LNCS}",
  volume    = "3312",
  address   = "{Austin, TX}",
  publisher = "{Springer-Verlag}",
  month     = nov,
  pages     = "113-127",
  year      = 2004
}

@Inproceedings{complete,
  author    = "M. Aagaard and V. C. Ciubotariu and J. T. Higgins, F. Khalvati",
  title     = "{Combining Equivalence Verification and Completion Functions}",
  editor    = "A. J. Hu and A. K. Martin",
  booktitle = "{Proceedings of the $5$th International Conference on 
                Formal Methods in Computer-Aided Design (FMCAD 2004)}",
  series    = "{LNCS}",
  volume    = "3312",
  address   = "{Austin, TX}",
  publisher = "{Springer-Verlag}",
  month     = nov,
  pages     = "98-112",
  year      = 2004
}

@Inproceedings{acl2uclid1,
  author     = "P. Manolios and S. Srinivasan",
  title      = "{Automatic Verification of Safety and Liveness of XScale-Like Processor
                 Models Using WEB Refinements}",
  booktitle  = "{Design, Automation and Test in Europe (DATE 2004)}",
  publisher  = "IEEE Computer Society Press",
  pages      = "168-175",
  address    = "Paris, France",
  year       = "2004"
}

@Inproceedings{acl2uclid2,
  author     = "P. Manolios and S. Srinivasan",
  title      = "{Refinement Maps for Efficient Verification of Processor Models}",
  booktitle  = "{Design, Automation and Test in Europe (DATE 2005)}",
  publisher  = "IEEE Computer Society Press",
  pages      = "1304-1309",
  address    = "Munich, Germany",
  year       = "2005"
}


@Inproceedings{invisible,
  author    = "A. Pnueli and S. Ruah and L. Zuck",
  title     = "{Automatic Deductive Verification with Invisible Invariants}",
  editor    = "T. Margaria and W. Yi",
  booktitle = "{Proceedings of the $7$th International Conference on Tools and Algorithms for
                Construction and Analysis of Systems (TACAS 2001)}",
  volume    = "2031",
  series    = "LNCS",
  publisher = "Springer-Verlag",
  pages     = "82-97",
  year      = "2001"
}

@Inproceedings{counterexamples,
  author    = "E. M. Clarke and O. Grumberg and S. Jha and Y. Lu and H. Veith",
  title     = "{Counterexample-Guided Abstraction Refinement}",
  booktitle = "{Proceedings of the $12$th International Conference on Computer-Aided Verification
                (CAV 2000)}",
  pages     = "154-169",
  editor    = "E. A. Emerson and A. P. Sistla",
  volume    = "1855",
  series    = "LNCS",
  publisher = "Springer-Verlag",
  year      = "2000"
}
  

@Inproceedings{nusmv,
  author    = "A. Cimatti and E. M. Clarke and F. Giunchiglia and M. Roveri",
  title     = "{NuSMV: A New Symbolic Model Verifier}",
  booktitle = "{Proceedings of the $11$th International Conference on 
                Computer-Aided Verification (CAV 1999)}",
  editor    = "N. Halbwacha and D. Peled",
  volume    = "1633",
  series    = "LNCS",
  publisher = "Springer-Verlag",
  pages     = "495-499",
  year      = "1999"
}  

@Inproceedings{vis,
  author    = "R. K. Brayton and
               G. D. Hachtel and
               A. L. Sangiovanni-Vincentelli and
               F. Somenzi and
               A. Aziz and
               S. Cheng and
               S. A. Edwards and
               S. P. Khatri and
               Y. Kukimoto and
               A. Pardo and
               S. Qadeer and
               R. K. Ranjan and
               S. Sarwary and
               T. R. Shiple and
               G. Swamy and
               T. Villa",
  title     = "{VIS: A system for Verification and Synthesis}",
  editor    = "R. Alur and T. Henzinger",
  booktitle = "{Proceedings of the $8$th International Conference on Computer-Aided 
                Verification (CAV 1996)}",
  series    = "LNCS",
  volume    = "1102",
  pages     = "428-432",
  publisher = "Springer-Verlag",
  month     = jul,
  year      = "1996"
}

@Inproceedings{russ:model,
  author     = "D. Russinoff",
  title      = "{A Case Study in Formal Verification of Register-Transfer 
                 Logic with ACL2:
                 The Floating Point Adder of the AMD Athlon Processor}",
  booktitle  = "{Proceedings of the $3$rd International Conference on 
                 Formal Methods in Computer-Aided Design (FMCAD 2000)}",
  editor     = "Hunt, Jr., W. A. and S. Johnson",
  year       = "2000",
  pages      = "3-36",
  volume     = "1954",
  publisher  = "Springer-Verlag",
  series     = "LNCS"
}


@Inproceedings{uclid,
  author    = " R. E. Bryant and S. K. Lahiri and S. A. Seshia",
  title     = "{Modeling and Verifying Systems using a Logic of 
                Counter Arithmetic with Lambda Expressions 
                and Uninterpreted Functions}",
  booktitle = "{Proceedings of the $14$th International Conference
                on Computer-Aided Verification (CAV 2002)}",
  publisher = "Springer-Verlag",
  series    = "{LNCS}",
  year      = "2002",
  month     = jul,
  addredd   = "{Copenhagen, Denmark}",
  pages     = "78-92",
  volume    = "2404",
  editor    = "E. Brinksma and K. G. Larsen"
}

@Inproceedings{certifying,
  author    = "K. S. Namjoshi",
  editor    = "G. Berry and H. Comon and A. Finkel",
  booktitle = "{Proceedings of the $13$th International Conference on Computer Aided Verification
               (CAV 2001)}",
  series    = "LNCS",
  volume    = "2102",
  title     = "{Certifying Model Checkers}",
  year      = "2001",
  publisher = "Springer-Verlag"
}


@Inproceedings{nk:transform,
  author       = "K. S. Namjoshi and R. P. Kurshan",
  title        = "{Syntactic Program Transformations for Automatic Abstraction}",  
  booktitle    = "{Proceedings of the $12$th International Conference on 
                   Computer-Aided Verification (CAV 2000)}",
  editor       = "E. A. Emerson and A. P. Sistla",
  series       = "LNCS",
  year         = "2000",
  volume       = "1855",
  publisher    = "{Springer-Verlag}",
  month        = jul,
  pages        = "435-449"
}

@Inproceedings{ddp:predicates,
  author    = "S. Das and D. Dill and S. Park", 
  title     = "{Experience with Predicate Abstraction}",
  booktitle = "{Proceedings of the $11$th International Conference on Computer-Aided
                Verification (CAV 1999)}",
  editor    = "N. Halbwacha and D. Peled",
  volume    = "1633",
  series    = "LNCS",
  pages     = "160-171",
  publisher = "Springer-Verlag",
  year      = 1999
}

@Inproceedings{dd:counter,
  author    = "S. Das and D. L. Dill",
  title     = "{Counter-example Based Predicate Discovery in Predicate Abstraction}",
  booktitle = "{Proceedings of the $4$th International Conference on Formal Methods
                in Computer-Aided Design (FMCAD 2002)}",
  editor    = "M. Aagaard and J. W. O'Leary",
  volume    = "2517",
  series    = "LNCS",
  address   = "Portland, OR",
  publisher = "Springer-Verlag",
  year      = "2002",
  pages     = "19-32"
}

@Inproceedings{power4,
  author    = "J. Sawada and R. Gamboa",
  title     = "{Mechanical Verification of a Square Root Algorithm Using Taylor's Theorem}",
  booktitle = "{Proceedings of the $4$th International Conference on Formal Methods
                in Computer-Aided Design (FMCAD 2002)}",
  editor    = "M. Aagaard and J. W. O'Leary",
  volume    = "2517",
  series    = "LNCS",
  address   = "Portland, OR",
  publisher = "Springer-Verlag",
  year      = "2002",
  pages     = "274-291"
}

@Inproceedings{ns:predicates,
  author    = "H. Saidi and N. Shankar",
  title     = "{Abstract and model check while you prove}",
  editor    = "N. Halbwacha and D. Peled",
  booktitle = "{Proceedings of the $11$th International Conference on 
                Computer-Aided Verification (CAV 1999)}",
  series    = "LNCS",
  publisher = "Springer-Verlag",
  volume    = "1633",
  year      = "1999",
  pages     = "443-453" 
}

@Inproceedings{lb:symbolic,
  author    = "S. K. Lahiri and R. E. Bryant and B. Cook",
  title     = "{A Symbolic Approach to Predicate Abstraction}",
  booktitle = "{Proceedings of the $15$th International Conference on 
                Computer-Aided Verification}",
  series    = "LNCS",
  editor    = "Hunt, Jr., W. A. and F. Somenzi",
  volume    = "2275",
  publisher = "Springer-Verlag",
  pages     = "141-153",
  year      = "2003"
}

@Inproceedings{lb:abstract2,
  author    = "S. K. Lahiri and R. E. Bryant",
  title     = "{Indexed Predicate Discovery for Unbounded System Verification}",
  booktitle = "{Proceedings of the $16$th International Conference on 
                Computer-Aided Verification (CAV 2004)}",
  series    = "LNCS",
  volume    = "3117",
  publisher = "Springer-Verlag",
  editor    = "R. Alur and D. A. Peled",
  month     = jul,
  pages     = "135-147",
  year      = "2004"
}


@Inproceedings{gste-partitioned,
  author    = "R. Sebastini and E. Singerman and S. Tonetta and M. Y. Vardi",
  title     = "{GSTE Is Partitioned Model Checking}",
  booktitle = "{Proceedings of the $16$th International Conference on 
                Computer-Aided Verification (CAV 2004)}",
  series    = "LNCS",
  volume    = "3117",
  publisher = "Springer-Verlag",
  editor    = "R. Alur and D. A. Peled",
  pages     = "229-241",
  month     = jul,
  year      = "2004"
}


@Inproceedings{arons,
  author    = "T. Arons",
  title     = "{Verification of an Advanced mips-Type 
                Out-of-Order Execution Algorithm}",
  booktitle = "{Proceedings of the $16$th International Conference on 
                Computer-Aided Verification (CAV 2004)}",
  series    = "LNCS",
  volume    = "3117",
  publisher = "Springer-Verlag",
  editor    = "R. Alur and D. A. Peled",
  month     = jul,
  pages     = "414-426",
  year      = "2004"
}

@Inproceedings{lb:abstract,
  author    = "S. K. Lahiri and R. E. Bryant",
  title     = "{Constructing Quantified Invariants via Predicate Abstraction}",
  booktitle = "{Proceedings of the $5$th International Conference on 
               Verification, Model Checking and Abstract Interpretation 
               (VMCAI 2004)}",
  editor    = "B. Stefen and G. Levi",
  volume    = "2937",
  series    = "LNCS",
  publisher = "Springer-Verlag",
  year      = "2004",
  pages     = "267-281"
}

@Inproceedings{slam2,
  author    = "T. Ball and R. Majumdar and T. Millstein and S. Rajamani",
  title     = "{Automatic Predicate Abstraction of C Programs}",
  booktitle = "{Proceedings of the 2001 ACM SIGPLAN Conference on Programming Language 
                Design and Implementation (PLDI 2001)}",
  pages     = "201-213",
  year      = "2001",
  address   = "Snowbird, UT",
  publisher = "ACM Press"
}

@Inproceedings{tomasulo,
  author    = "K. McMillan", 
  title     = "{Verification of an Implementation of Tomasulo's Algorithm by Compositional
                Model Checking}",
  editor    = "A. J. Hu and M. Y. Vardi",
  booktitle = "{Proceedings of the $10$th International Conference on 
                Computer-Aided Verification (CAV 1998)}",
  volume    = "1427",
  series    = "{LNCS}",
  year      = "1998",
  publisher = "{Springer-Verlag}", 
  pages     = "110-121"
}

@Inproceedings{slam,
  author    = "T. Ball and S. K. Rajamani",
  title     = "{Automatically Validating Temporal Safety 
                Properties of Interfaces}",
  booktitle = "{Proceedings of the $8$th International SPIN Workshop on Model 
                Checking of Software}",
  editor    = "M. B. Dwyer",
  series    = "LNCS",
  volume    = "2057",
  publisher = "Springer-Verlag",
  pages     = "103-122",
  year      = "2001"
}

@Inproceedings{m5,
  author       = "J S. Moore",
  title        = "{Proving Theorems about Java and the JVM with ACL2}",
  booktitle    = "{Models, Algebras, and Logic of Engineering Software}",
  editor       = "M. Broy and M. Pizka",
  publisher    = "IOS Press",
  pages        = "227-290",
  year         = "2003"
}


@Inproceedings{reasoning,
  author       = "R. S. Boyer and J S. Moore",
  title        = "{Mechanized Formal Reasoning about Programs and Computing Machines}",
  booktitle    = "{Automated Reasoning and Its Applications: Essays in Honor of Larry Wos}",
  editor       = "R. Veroff",
  pages        = "141-176",
  publisher    = "MIT Press",
  year         = "1996"
}

@Inproceedings{mccarthy,
  author    = "J. McCarthy",
  title     = "{Towards a Mathematical Science of Computation}",
  booktitle = "Proceedings of the Information Processing Congress",
  volume    = "62",
  pages     = "21-28",
  publisher = "North-Holland",
  month     = aug,
  year      = "1962"
}

@Inproceedings{mccarthy2,
  author    = "J. McCarthy",
  title     = "{A Basis for a Mathematical Theory of Computation}",
  booktitle = "Computer Programming and Formal Systems",
  publisher = "North-Holland",
  editor    = "P. Braffort and D. Hirschberg",
  year      = "1963" 
}

@Inproceedings{instantiation,
  author    = "R. S. Boyer and D. Goldshlag and M. Kaufmann and J S. Moore",
  title     = "{Functional Instantiation in First Order Logic}",
  booktitle = "{Artificial Intelligence and Mathematical Theory of Computation:
                Papers in Honor of John McCarthy}",
  editor    = "V. Lifschitz",
  pages     = "7-26",
  publisher = "Academic Press",
  year      = "1991"
}

@Inproceedings{pm:pipelines,
  author     = "P. Manolios",
  title      = "{Correctness of Pipelined Machines}",
  booktitle  = "{Proceedings of the $3$rd International Conference on 
                 Formal Methods in Computer-Aided Design (FMCAD 2000)}",
  editor     = "Hunt, Jr., W. A. and S. D. Johnson",
  series     = "LNCS",
  volume     = "1954",
  pages      = "161-178",
  address    = "Austin, TX",
  publisher  = "{Springer-Verlag}",
  year       = "2000"
}

@Inproceedings{lb:pipeline,
  author      = "S. K. Lahiri and R. E. Bryant",
  title       =  "{Deductive Verification of Advanced Out-of-Order Microprocessors}",
  booktitle   = "{Proceedings of the $15$th International Conference on 
                  Computer-Aided Verification (CAV 2003)}",
  editor      = "Hunt, Jr., W. A. and F. Somenzi",
  series      = "{LNCS}",
  volume      = "2275",
  pages       = "341-354",
  month       = jul,
  year        = "2003",
  publisher   = "{Springer-Verlag}"
}

@Inproceedings{step,
  author    = "N. Bjorner and A. Borwne and E. Chang and M. Colon and A. Kapur and 
               Z. Manna and H. B. Sipma and T. E. Uribe",
  title     = "{STeP: Deductive-Algorithmic Verification of Reactive and Real-time Systems}",
  booktitle = "Computer Aided Verification (CAV)",
  pages     = "415-418",
  series    = "LNCS",
  publisher = "Springer-Verlag",
  month     = jul,
  year      = "1996",
  volume    = "1102"
}

@Inproceedings{wilding:clock,
  author     = "M. Wilding",
  title      = "{Robust Computer System Proofs in PVS}",
  booktitle  = "$4$th NASA Langley Formal Methods Workshop",
  editor     = "C. M. Holloway and K. J. Hayhurst",
  series     = "NASA Conference Publication",
  number     = "3356",
  year       = "1997"
}

@Inproceedings{acl2:micro,
  author    = "B. Brock and M. Kaufmann and J S. Moore",
  title     = "{ACL2 Theorems about Commercial Microprocessors}",
  booktitle = "Proceedings of the $1$st International Conference on 
               Formal Methods in Computer-Aided Design (FMCAD 1996)",
  publisher = "Springer-Verlag",
  series    = "LNCS",
  volume    = "1166",
  editor    =  "M. Srivas and A. Camilleri",
  pages     = "275-293",
  year      = 1996
}

@InProceedings{compiler,
  author    = "W. Goerigk",
  editor    = "P. Manlolios and M. Kaufmann and J S. Moore",
  title     = "{Compiler Verification Revisited}",
  booktitle = "Computer-Aided Reasoning: {ACL2} Case Studies",
  publisher = "Kluwer Academic Publishers",
  year      = 2000,
  month     = jun,
  pages     = "201-212"

}

@Inproceedings{pj:garbage,
  author      = "P. B. Jackson",
  title       = "{Verifying A Garbage Collector Algorithm}",
  booktitle   = "{Proceedings of the $11$th International Conference on Theorem Proving in Higher Order Logics (TPHOLS 1998)}",
  series      = "{LNCS}",
  volume      = "1479",
  editor      = "J. Grundy and M. Newer",
  publisher   = "{Springer-Verlag}",
  year        = "1998",
  pages       = "225-244"
}

@Inproceedings{rs:deque,
  author    = "R. Sumners",
  title     = "{An Incremental Stuttering Refinement Proof of a Concurrent Program in ACL2}",
  booktitle = "{$2$nd International Workshop on the ACL2 Theorem Prover 
                and Its Applications (ACL2 2000)}",
  editor    = "M. Kaufmann and J S. Moore",
  address   = "Austin, TX",
  month     = oct,
  year      = 2000
}

@Inproceedings{acl2:ordinals,
  author    = "P. Manolios and D. Vroon",
  title     = "{Algorithms for Ordinal Arithmetic}",
  booktitle = "{Proceedings of the $19$th International Conference on Automated Deduction (CADE 2003)}",
  editor    = "F. Baader",
  series    = "LNAI",
  volume    = "2741",
  publisher = "Springer-Verlag",
  pages     = "243-257",
  address   = "{Miami, FL}",
  month     = jul,
  year      = "2003"
}

@Inproceedings{fq:predicates,
  author    = "C. Flanagan and S. Qadeer",
  title     = "{Predicate Abstraction for Software Verification}",
  booktitle = "{Proceedings of the $29$th ACM SIGPLAN SIGACT Symposium on Principles of 
                Programming Languages (POPL 2002)}",
  pages     = "191-202",
  publisher = "ACM Press",
  year      = "2002"
}

@Inproceedings{acl2ws:ordinals,
  author    = "P. Manolios and D. Vroon",
  title     = "{Ordinal Arithmetic in ACL2}",
  booktitle = "{$4$th International Workshop on the ACL2 Theorem Prover and Its Applications (ACL2 2003)}",
  editor    = "Hunt, Jr., W. A and M. Kaufmann and J S. Moore",
  address   = "{Boulder, CO}",
  month     = jul,
  year      = "2003"
}

@Inproceedings{integrate:ordinals,
  author    = "P. Manolios and D. Vroon",
  title     = "{Integrating Reasoning about Ordinal Arithmetic into ACL2}",
  booktitle = "{Proceedings of the $5$th International Conference on Formal Methods in 
                Computer-Aided Design (FMCAD 2004)}",
  editor    = "A. J. Hu and A. K. Martin",
  series    = "LNCS",
  volume    = "3312",
  pages     = "82-97",
  publisher = "Springer-Verlag",
  month     = nov,
  year      = "2004"
}

@Inproceedings{murphi,
  author    = "D. L. Dill",
  title     = "{The Mur$\phi$ Verification System}",
  editor    = "R. Alur and T. Henzinger",
  booktitle = "{Proceedings of the $8$th International Conference on 
                Computer-Aided Verification (CAV 1996)}",
  series    = "LNCS",
  volume    = "1102",
  pages     = "390-393",
  publisher = "Springer-Verlag",
  month     = jul,
  year      = "1996"
}

  booktitle = "Proceedings of 

@Inproceedings{stobjs,
  author    = "R. S. Boyer and J S. Moore",
  title     = "{Single-threaded Objects in ACL2}",
  booktitle = "{Practical Aspects of Declarative Languages (PADL)}",
  editor    = "S. Krishnamurthy and C. R. Ramakrishnan",
  series    = "LNCS",
  volume    = "2257",
  year      = "2002",
  publisher = "Springer-Verlag",
  pages     = "9-27"
}

@Inproceedings{records,
  author    = "M. Kaufmann and R. Sumners",
  title     = "{Efficient Rewriting of Data Structures in ACL2}",
  editor    = "D. Borrione and M. Kaufmann and J S. Moore",
  booktitle = "{Proceedings of $3$rd International Workshop on the ACL2 Theorem Prover and 
                Its Applications (ACL2 2002)}",
  month     = apr,
  year      = "2002",
  address   = "Grenoble, France",
  pages     = "141-150"
}

@Inproceedings{vhdl2acl2,
  author    = "P. Georgelin and D. Borrione and P. Ostler",
  title     = "{A Framework for VHDL Combining Theorem Proving and Symbolic 
                Simulation}",
  editor    = "D. Borrione and M. Kaufmann and J S. Moore",
  booktitle = "{Proceedings of $3$rd International Workshop on 
                the ACL2 Theorem Prover and 
                Its Applications (ACL2 2002)}",
  month     = apr,
  year      = "2002",
  address   = "Grenoble, France",
  pages     = "1-15"
}


@Inproceedings{m3,
  author    = "J S. Moore",
  title     = "{Proving Theorems about Java-like Byte Code}",
  booktitle = "{Correct System Design --- Recent Insights and Advances}",
  editor    = "E. R. Olderog and B. Stefen",
  series    = "LNCS",
  volume    = "1710",
  pages     = "139-162",
  year      = "1999"
}

@Article{m6,
  author  =      "H. Liu and J S. Moore",
  title   =      "{Executable {JVM} model for analytical reasoning: A study}",
  journal =      "{Science of Computer Programming}",
  year    =      "2005",
  volume  =      "57",
  number  =      "3",
  pages   =      "253-274"
}



@Inproceedings{sorta,
  author    = "F. J. Martin-Mateos and J. A. Alonso and M. J. Hidalgo and J. L. Ruiz-Reina",
  title     = "{A Generic Instantiation Tool and a Case Study: A Generic Multiset Theory}",
  booktitle = "{Proceedings of $3$rd International Workshop on the ACL2 Theorem Prover and 
                Its Applications (ACL2 2003)}",
  year      = "2002",
  editor    = "D. Borrione and M. Kaufmann and J S. Moore",
  address   = "Grenoble, France",
  pages     = "188-201"
}

@Inproceedings{pvs,
  author    = "S. Owre and J. M. Rushby and N. Shankar",
  title     = "{PVS: A Prototype Verification System}",
  booktitle = "11th International Conference on Automated Deduction (CADE)",
  editor    = "D. Kapoor",
  publisher = "Springer-Verlag",
  year      = 1992,
  volume    = "607",
  series    = "LNAI",
  month     = jun,
  pages     = "748-752"
}

@InCollection{pm:mc,
  author    = "P. Manolios",
  editor    = "M. Kaufmann and P. Manolios and J S. Moore",
  title     = "{Mu-Calculus Model Checking in ACL2}",
  booktitle = "Computer-Aided Reasoning: {ACL2} Case Studies",
  publisher = "Kluwer Academic Publishers",
  year      = 2000,
  month     = jun,
  pages     = "73-88"

}

@InCollection{ivy,
  author    = "W. McCune and O. Shumsky",
  editor    = "P. Manlolios and M. Kaufmann and J S. Moore",
  title     = "{Ivy: A Preprocessor and Proof Checker for First-Order Logic}",
  booktitle = "Computer-Aided Reasoning: {ACL2} Case Studies",
  publisher = "Kluwer Academic Publishers",
  year      = 2000,
  month     = jun,
  pages     = "217-230"

}

@InCollection{ftoc,
  author    = "M. Kaufmann",
  editor    = "P. Manlolios and M. Kaufmann and J S. Moore",
  title     = "{Modular Proof: The Fundamental Theorem of Calculus}",
  booktitle = "Computer-Aided Reasoning: {ACL2} Case Studies",
  publisher = "Kluwer Academic Publishers",
  year      = 2000,
  month     = jun,
  pages     = "59-72"

}


@Incollection{induction-bundy,
  author    = "A. Bundy",
  editor    = "A. Robinson and A. Voronkov",
  title     = "{The Automation of Proof by Mathematical Induction}",
  booktitle = "{Handbook of Automated Reasoning}",
  publisher = "Elseiver",
  year      = "2001",
  pages     = "845-911"
}


@Inproceedings{jm:indop,
  author    = "J S. Moore",
  title     = "{Inductive Assertions and Operational Semantics}",
  booktitle = "{Proceedings of the $12$th International Conference
                on Correct Hardware Design and Verification Methods}",
  editor    = "D. Geist",
  series    = "{LNCS}",
  publisher = "{Springer-Verlag}",
  month     = oct,
  volume    = "2860",
  pages     = "289-303",
  year      = 2003
}

@Inproceedings{floyd,
  author    = "R. Floyd",
  title     = "{Assigning Meanings to Programs}",
  booktitle = "{Mathematical Aspects of Computer Science, 
                Proceedings of Symposia in Applied Mathematcs}",
  volume    = "XIX",
  pages     = "19-32",
  publisher = "{American Mathematical Society}",
  address   = "{Providence, Rhode Island}",
  year      = "1967"
}

@InProceedings{mehta,
  author       = "F. Mehta and T. Nipkow",
  title        = "{Proving Pointer Programs in Higher Order Logic}",
  booktitle    = "{Proceedings of the $19$th International Conference on
                   Automated Deduction  (CADE 2003)}", 
  address      = "Miami, FL", 
  year         = 2003,
  volume       = "2741",
  series       = "LNAI",
  publisher    = "Springer-Verlag",
  pages        = "121-135",
  editor       = "F. Baader"
}

@Inproceedings{rh:pipelines,
  author    = "S. Ray and Hunt, Jr., W. A.",
  title     = "{Deductive Verification of Pipelined Machines Using First-Order Quantification}",
  booktitle = "{Proceedings of the $16$th International Conference on Computer-Aided Verification (CAV 2004)}",
  editor    = "R. Alur and D. A. Peled",
  address   = "{Boston, MA}",
  month     = jul,
  year      = "2004",
  series    = "LNCS",
  volume    = "3114",
  pages     = "31-43",
  month     = jul,
  publisher = "Springer-Verlag"
}

@Inproceedings{tiny,
  author    = "D. Greve and M. Wilding and D. Hardin",
  title     = "{High-Speed, Analyzable Simulators}",
  booktitle = "{Computer-Aided Reasoning: ACL2 Case Studies}",
  editor    = "M. Kaufmann and P. Manolios and J S. Moore",
  publisher = "Kluwer Academic Publishers",
  pages     = "89-106",
  month     = jun,
  year      = 2000
}

@Inproceedings{3stage,
  author    = "J. Sawada",
  title     = "{Verification of a Simple Pipelined Machine Model}",
  booktitle = "{Computer-Aided Reasoning: ACL2 Case Studies}",
  editor    = "M. Kaufmann and P. Manolios and J S. Moore",
  publisher = "Kluwer Academic Publishers",
  pages     = "35-53",
  month     = jun,
  year      = 2000
}

@Inproceedings{web,
  author    = "P. Manolios and K. Namjoshi and R. Sumners",
  title     = "{Linking Model-checking and Theorem-proving with Well-founded Bisimulations}",
  editor    = "N. Halbwacha and D. Peled",
  booktitle = "{Proceedings of the $11$th International Conference on 
                Computer-Aided Verification (CAV 1999)}",
  series    = "LNCS",
  publisher = "Springer-Verlag",
  volume    = "1633",
  pages     = "369-379",
  year      = 1999
}


@Inproceedings{acl2:fair,
  author        = "R. Sumners",
  title         = "{Fair Environment Assumptions in ACL2}",
  booktitle     = "{$4$th International Workshop on the
                    ACL2 Theorem Prover and Its Applications (ACL2 2003)}",
  editor        = "Hunt, Jr., W. A. and M. Kaufmann and J S. Moore",
  month         = jul,
  year          = 2003,
  address       = "Boulder, CO"
}

@Inproceedings{mc:many-to-few,
  author    = "E. A. Emerson and V. Kahlon",
  title     = "{Reducing Model Checking of the Many to the Few}",
  booktitle = "{Proceedings of the $17$th International Conference on
                 Automated Deduction (CADE 2000)}",
  editor    = "D. A. McAllester",
  publisher = "Springer-Verlag",
  series    = "LNCS",
  volume    = "1831",
  pages     = "236-254",
  address   = "{Pittsburg, PA}",
  month     = jul,
  year      = "2000"
}

@Inproceedings{kn:web,
   author    = "K. Namjoshi",
   title     = "{A Simple Characterization of Stuttering Bisimulation}",
   editor    = "S. Ramesh and G. Sivakumar",
   booktitle = "{Proceedings of the $17$th International Conference on Foundations 
                 of Software Technology 
                 and Theoretical Computer Science (FSTTCS 1997)}",
   series    = "LNCS",
   volume    = "1346",
   pages     = "284-296",
   year      = "1997",
   publisher = "Springer-Verlag"
}

@Inproceedings{turing,
  author    = "A. M. Turing",
  title     = "{Checking a Large Routine}",
  booktitle = "Report of a Conference on High Speed Automatic 
               Calculating Machine",
  address   = "University Mathematical Laboratory, Cambridge, England",
  month     = jun,
  year      = "1949",
  pages     = "67-69"
}

@Inproceedings{ng,
 author     = "H. H. Goldstein and von Neumann, J.",
 title      = "{Planning and Coding Problems for an Electronic 
                Computing Instrument}",
 booktitle  = "John von Neumann, Collected Works, Volume V",
 publisher  = "Pergamon Press, Oxford",
 year       = "1961"
}

@Inproceedings{acl2:defpun,
  author    = "P. Manolios and J S. Moore",
  title     = "{Partial Functions in ACL2}",
  booktitle = "{$2$nd International Workshop on the ACL2 Theorem Prover and Its Applications (ACL2 2000)}",
  editor    = "M. Kaufmann and J S. Moore",
  address   = "{Austin, TX}",
  month     = nov,
  year      = "2000"
}

@Inproceedings{aamp7,
  author    = "D. A. Greve and R. Richards and M. Wilding",
  title     = "{A Summary of Intrinsic Partitioning Verification}",
  booktitle = "{$5$th International Workshop on 
                the ACL2 Theorem Prover and Its Applications (ACL2 2004)}",
  editor    = "M. Kaufmann and J S. Moore",
  address   = "{Austin, TX}",
  month     = nov,
  year      = 2004
}


@Inproceedings{matthewsvroon,
  author    = "J. Matthews and D. Vroon",
  title     = "{Partial Clock Functions in ACL2}",
  booktitle = "{$5$th International Workshop on 
                the ACL2 Theorem Prover and Its Applications (ACL2 2004)}",
  editor    = "M. Kaufmann and J S. Moore",
  address   = "{Austin, TX}",
  month     = nov,
  year      = 2004
}

@Inproceedings{aagard-day:compare,
  author    = "M. Aagaard and B. Cook and N. Day and R. B. Jones",
  title     = "{A Framework for Microprocessor Correctness Statements}",
  booktitle = "{Proceedings of the $11$th International Conference on 
                Correct Hardware Design and Verification Methods (CHARME 2001)}",
  series    = "{LNCS}",
  volume    = "2144",
  editor    = "T. Margaria and T. F. Melham",
  pages     = "443-448",
  address   = "Scotland, UK",
  publisher = "{Springer-Verlag}",
  year      = "2001"
}

@Inproceedings{bd:pipeline,
  author      = "J. R. Burch and D. L. Dill",
  title       = "{Automatic Verification of Pipelined Microprocessor Control}",
  booktitle   = "{Proceedings of the $6$th International Conference on 
                  Computer-Aided Verification (CAV 1994)}",
  editor      = "D. L. Dill",
  series      = "{LNCS}",
  publisher   = "{Springer-Verlag}",
  volume      = "818",
  pages       = "68-80",
  year        = "1994"
}

@Inproceedings{bt:pipeline,
  author       = "A. Bronstein and T. L. Talcott",
  title        = "{Formal Verification of Pipelines based on String-functional Semantics}",
  booktitle    = "{Formal VLSI Correctness Verification, VLSI Design Methods II}",
  editor       = "L. J. M. Claesen",
  pages        = "349-366",
  year         = "1990"
}

@Inproceedings{sh:pipeline1,
  author     = "J. Sawada and Hunt, Jr., W. A.",
  title      = "{Trace Table Based Approach for Pipelined Microprocessor Verification}",
  booktitle  = "{Proceedings of the $9$th International Conference on 
                 Computer-Aided Verification (CAV 1997)}",
  editor     = "O. Grumberg",
  series     = "{LNCS}",
  volume     = "1254",
  year       = "1997",
  publisher  = "{Springer-Verlag}",
  pages      = "364-375"
}

@Inproceedings{sh:pipeline2,
  author    = "J. Sawada and Hunt, Jr., W. A.",
  title     = "{Processor Verification with Precise Exceptions and Speculative Execution}",
  booktitle = "{Proceedings of the $10$th International Conference on 
                Computer-Aided Verification (CAV 1998)}",
  editor    = "A. J. Hu and M. Y. Vardi",
  volume    = "1427",
  series    = "{LNCS}",
  year      = "1998",
  publisher = "{Springer-Verlag}",
  pages     = "135-146"
}

@Inproceedings{hgs:pipeline-cav,
  author      = "R. Hosabettu and G. Gopalakrishnan and M. Srivas",
  title       = "{Verifying Advanced Microarchitectures that Support Speculation and
                  Exceptions}",
  booktitle   = "{Proceedings of the $12$th International Conference on 
                  Computer-Aided Verification (CAV 2000)}",
  editor      = "E. A. Emerson and A. P. Sistla",
  series      = "LNCS",
  year        = "2000",
  volume      = "1855",
  publisher   = "{Springer-Verlag}",
  month       = jul
}


@Inproceedings{km:induction,
  author      = "K. McMillan and S. Qadeer and J. Saxe",
  title       = "{Induction in Compositional Model Checking}",
  booktitle   = "{Proceedings of the $12$th International Conference on 
                  Computer-Aided Verification (CAV 2000)}",
  editor      = "E. A. Emerson and A. P. Sistla",
  series      = "LNCS",
  year        = "2000",
  volume      = "1855",
  publisher   = "{Springer-Verlag}",
  month       = jul
}

@Inproceedings{regular,
  author      = "A. Boujjani and B. Jonsson and M. Nilsson and T. Touili",
  title       = "{Regular Model Checking}",
  booktitle   = "{Proceedings of the $12$th International Conference on 
                  Computer-Aided Verification (CAV 2000)}",
  editor      = "E. A. Emerson and A. P. Sistla",
  series      = "LNCS",
  year        = "2000",
  volume      = "1855",
  publisher   = "{Springer-Verlag}",
  month       = jul
}

@Inproceedings{bgv:pipeline,
  author      = "R. E. Bryant and S. German and M. N. Velev",
  title       =  "{Exploiting Positive Equality in a Logic of Equality 
                   with Uninterpreted Functions}",
  booktitle   = "{Proceedings of the $11$th International Conference on 
                  Computer-Aided Verification (CAV 1999)}",
  editor      = "N. Halbwachs and D. Peled",
  series      = "{LNCS}",
  volume      = "1633",
  pages       = "470-482",
  year        = "1999",
  publisher   = "{Springer-Verlag}"
}



@Inproceedings{isabelle-resolution,
  author    = "J. Meng and L. C. Paulson",
  title     = "{Experiments on Supporting Interactive Proof Using Resolution}",
  booktitle = "{Proceedings of the $2$nd International Joint Conference on Computer-Aided 
                Reasoning (IJCAR 2004)}",
  editor    = "D. A. Basin and M. Rusinowitch",
  series    = "LNCS",
  volume    = "3097",
  year      = "2004",
  pages     = "372-384"
}

@Inproceedings{satacl2,
  author    = "E. Reeber and Hunt, Jr., W. A.",
  title     = "{A SAT-Based Decision Procedure for the Subclass of Unrollable 
                List Formulas in ACL2 (SULFA)}",
  booktitle = "{Proceedings of the $3$rd International Joint Conference on Computer-Aided 
                Reasoning (IJCAR 2006)}",
  editor    = "U. Furbach and N. Shankar",
  series    = "LNAI",
  volume    = "4130",
  year      = "2006",
  pages     = "453-467"
}

@Inproceedings{de2,
  author      = "Hunt, Jr., W. A. and E. Reeber",
  title       = "{Formalization of the DE2 Language}",
  booktitle   = "{Proceedings of the $13$th Working Conference on Correct Hardware
                  Design and Verification Methods (CHARME 2005)}",
  editor      = "W. Paul",
  series      = "LNCS",
  publisher   = "Springer-Verlag",
  address     = "Saarbr{\"u}cken, Germany",
  year        = "2005"
}

@Inproceedings{jm:gc,
  author       = "J S. Moore",
  title        = "{A Grand Challenge Proposal for Formal Methods: A Verified Stack}",
  booktitle    = "{Formal Methods at the Crossroads: from Panacea to 
                   Foundational Support, 
                   $10$th Anniversary Colloquium of UNU/IIST, the International 
                   Institute for Software Technology of The United Nations University}",
  editor       = "B. K. Aichernig and T. Maibaum",
  year         = "2003",	 
  publisher    = "Springer-Verlag"
}

@Inproceedings{jm:pipeline,
  author    = "R. Jhala and K. {McMillan}",
  title     = "{Microarchitecture Verification by Compositional Model Checking}",
  booktitle = "{Proceedings of $12$th International Conference on Computer-aided Verification (CAV)}",
  series    = "{LNCS}",
  publisher = "{Springer-Verlag}",
  editor    = "G. Berry and H. Comon and A. Finkel",
  volume    = "2102",
  year      = "2001"
}

@Inproceedings{sets,
  author    = "J. Davis",
  title     = "{Finite Set Theory based on Fully Ordered Lists}",
  booktitle = "{$5$th International Workshop on the ACL2 Theorem Prover 
                and Its Applications (ACL2 2004)}",
  editor    = "M. Kaufmann and J S. Moore",
  year      = "2004"
}

@Inproceedings{embedding,
  author     = "R. J. Boulton and A. Gordon and M. J. C. Gordon and J. Harrison and
                J. Herbert and J. Van Tassel",
  title      = "{Experience with Embedding Hardware Description Languages in HOL}",
  booktitle  = "{Proceedings of the IFIP TC10/WG
                 $10.2$ International Conference on Theorem Provers in Circuit Design:
                 Theory, Practice and Experience (TPCD 1992)}",
  editor     = "V. Stavridou and T. F. Melham and R. T. Boute",
  volume     = "A-10",
  series     = "{IFIP Transactions}",
  publisher  = "North-Holland",
  year       = "1992",
  pages      = "129-156"
}

@Article{sm,
  title     = "{Language-Based Information-Flow Security}",
  author    = "A. Sabelfeld and A. C. Myers",
  journal   = "{IEEE Journal on Selected Areas of Communication}",
  volume    = "21",
  number    = "3",
  month     = jan,
  year      = "2003"
}

@Inproceedings{ndss,
  title     = "{Towards Automated Information-Flow Integrity verification 
                for Security-Critical Applications}",
  author    = "U. Shankar and T. Jaiger and R. Sailer",
  booktitle = "{Proceedings of the Network and Security Symposium}",
  editor    = "E. harder",
  year      = "2006",
  publisher = "{Internet Society}"
}

@Inproceedings{flow-logic,
  title      = "{Preserving Secrecy Under Refinement}",
  author     = "R. Alur and S. Zdancewic",
  booktitle  = "{Proceedings of the $33$rd International Colloquium 
                 on Automata, languages and Programming (ICALP 2006)}",
  editor     = "M. Buglesi and B. Preneel and V. Sassone and L. Wegener",
  series     = "LNCS",
  volume     = "4052",
  pages      = "107-118",
  publisher  = "Springer-Verlag",
  year       = "2006"
}

@Article{denning,
  title    = "{Certification of Programs for Secure Information Flow}",
  author   = "D. Denning and P. Denning",
  journal  = "{Communications of the ACM}",
  volume   = "20",
  number   = "7",
  pages    = "504-513",
  year     = "1977"
}

@Article{palsberg,
  title    = "{Trust in the $\lambda$-calculus}",
  author   = "P. Orbaek and J. Palsberg",
  journal  = "{Journal of Functional Programming}",
  volume   = "7",
  number   = "6",
  pages    = "557-591",
  year     = "1997"
}


@Inproceedings{darvas,
  title      = "{A Theorem Proving Approach to Analysis of Secure Information Flow}",
  author     = "A. Darvas and R. H{\"a}hnle and  D. Sands",
  booktitle  = "{Proceedings of the $2$nd International Conference Security in Pervasive Computing 
                 (SPC 2005)}",
  pages      = "193-209",
  year       = "2005",
  series     = "LNCS",
  volme      = "3450",
  publisher  = "Springer"
}

@Inproceedings{volpano,
  title      = "{A Type-Based Approach to Program Security}",
  author     = "D. Volpano and G. Smith",
  booktitle  = "{Proceedings of Theory and Practice of Software Development
                 (TAPSOFT 1997)}",
  pages      = "607-621",
  year       = "1997",
  series     = "LNCS",
  publisher  = "Springer-Verlag"
}
  
@Article{clark,
  title    = "{Information Flow Analysis for Algol-like Languages}",
  author   = "D. Clark and C. Hankin and S. Hunt",
  journal  = "{Computer Languages}",
  volume   = "28",
  number   = "1",
  pages    = "3-28",
  year     = "2002"
}

@Article{joshi,
  title    = "{A Semantic Approach to Information Flow}",
  author   = "R. Joshi and K. R. M. Leino",
  journal  = "{Science of Computer Programming}",
  volume   = "37",
  pages    = "113-138",
  year     = "2000"
}


@Inproceedings{tricky,
  title      = "{Verification Condition Generation for Conditional Information Flow}",
  author     = "T. Amtoft and A. Banerjee",
  booktitle  = "{Proceedings of the 2007 ACM workshop on Formal methods in security engineering 
                 (FMSE 2007)}",
  editor     = "P. Ning and V. Atluri, V. D. Gligor and H. Mantel",
  pages      = "2-11",
  month      = nov,
  year       = "2007",
  publisher  = "{ACM Press}"
}


@Inproceedings{flow-popl,
  title      = "{A Logic for Information Flow in Object-Oriented Programs}",
  author     = "T. Amtoft and S. Bandhakavi and A. Banerjee",
  booktitle  = "{Proceedings of the $33$rd ACM SIGPLAN-SIGACT Symposium on 
                 Principles of Programming Languages (POPL 2006)}",
  pages      = "91-102",
  month      = jan,
  year       = "2006",
  publisher  = "{ACM Press}"
}

@InProceedings{isabellemc,
  author     = "O. M{\"u}ller and T. Nipkow",
  title      = "{Combining Model Checking and Deduction of
                {I/O}-Automata}",
  editor     = "E. Brinksma",
  booktitle  = "Proceedings of the $1$st International Workshop on
                Tools and Algorithms for the Construction and Analysis
                of Systems (TACAS 1995)",
  year       = "1995",
  publisher  = "Springer-Verlag",
  series     = "LNCS",
  volume     = "1019",
  pages      = "1-16",
  address    = "Aarhus, Denmark",
  month      = may,
  urlhtml    = "{\tt http://www4.informatik.tu-muenchen.de/~nipkow/pubs/tacas.html}"
}

@Unpublished{sh:invariant,
  author      = "J. Sawada and Hunt, Jr., W. A.",
  title       = "{Decomposing the Verification of Pipelined Microprocessors
                  with Invariant Conditions}",
  year        = "1999",
  note        = "See URL {\tt http://www.cs.\-utexas.\-edu/\-users/\-sawada/\-publication/\-decomp.ps}"
}

@Unpublished{precise,
  title       = "{A Precise Description of the ACL2 Logic}",
  author      = "M. Kaufmann and J S. Moore",
  year        = "1997",
  note        = "{See URL {\tt http://www.\-cs.\-utexas.\-edu/\-users/\-moore/\-publications/\-km97.ps.gz}}"
}

@Unpublished{hol4,
  author   = "HOL 4{,} {K}ananaskis 1 release",
  note    = "http://hol.sf.net/"
}

@Unpublished{cryptol,
  key    = "Cryptol",
  note   = "{\tt http://www.cryptol.net}"
}

@Unpublished{rs:bisim,
  author = "R. Sumners",
  title  = "{Bisimulation in ACL2}",
  note   = "Private Communication"
}

@misc{induction,
  author   = "R. S. Boyer and J S. Moore",
  title    = "{On the Difficulty of Automating Inductive Reasoning}",
  note     = "{Remarks made at a Workshop in Inductive Reasoning}",
  year     = "1992"
}

@misc{acl2:howtoprove,
  author  = "M. Kaufmann and J S. Moore",
  title   = "{How to Prove Theorems Formally}",
  note    = "{See URL: {\tt http://\-www.cs.\-utexas.edu/\-users/\-moore/\-publications/\-how-to-prove-thms/\-main.ps}}"
}

@misc{isabelle:ref,
  author  = "M. Wenzel",
  year    = "2005",
  title   = "{Isabelle Reference Manual}",
  note    = "{See \-URL {\tt h\-ttp://\-www.\-cl.\-cam.\-ac.\-uk/\-research/\-hvg/\-Isabelle/\-dist/\-Isabelle/\-doc/\-isar-ref.pdf}}"
}

@misc{quick,
  author   = "J S. Moore",
  title    = "{A Quick and Dirty Sketch of a Toy Logic}",
  year     = "1998",
  note     = "See URL {\tt http://\-www.cs.\-utexas.edu/\-users/\-moore/\-publications/\-qnd.ps.gz}"
}

@misc{acl2:home,
 author       = "M. Kaufmann and J S. Moore",
 title        = "{ACL2} home page",
 note         = "{See URL {\tt http://\-www.\-cs.\-utexas.edu/\-users/\-moore/\-acl2}}",
 year         = "2007"
}

@misc{ordinal:doc,
 author       = "M Kaufmann and J S. Moore",
 title        = "{ACL2} Documentation: {\tt O-P}",
 note         = "See URL {\tt http://\-www.cs.\-utexas.edu/\-users/\-moore/\-acl2/v2-9/O-P.html}"
}

@misc{skolem:doc,
 author       = "M Kaufmann and J S. Moore",
 title        = "{ACL2} Documentation: {\tt Conservativity of Skolemization}",
 note         = "See URL {\tt http://\-www.cs.\-utexas.edu/\-users/\-kaufmann/\-CONSERVATIVITY-OF-DEFCHOOSE.html}"
}

@misc{holsatlib,
  author      = "M. J. C. Gordon",
  title       = "{HolSatLib}",
  note        = "See URL {\tt http://\-www.cl.\-cam.ac.uk/\-users/\-mjcg/\-HolSatLib/}",
  month       = jun,
  year        = "2001"
}

@misc{execution,
  author      = "J. Davis",
  title       = "{Proof Pearl: Driving Proofs with Execution}",
  note        = "See URL {\tt  http://\-www.cs.\-utexas.edu/\-users/\-jared/\-publications/}"
}

@misc{rayhome,
 author       = "S. Ray",
 title        = "{Homepage of Sandip Ray}",
 note         = "See URL {\tt http://\-www.cs.\-utexas.edu/\-users/\-sandip}"
}


@Manual{maude,
  title        = {Maude: Specification and Programming in Rewriting Logic},
  author       = "M. Clavel and  F. Dur{\'a}n and S. Eker and P. Lincoln and
                  N. Mart{\'\i}-Oliet and J. Meseguer and J. Quesada",
  organization = "SRI International",
  year         = "1999"
}

@misc{tptp,
  title  = "{The TPTP Problem Library for Automated Theorem Proving}",
  author = "G. Sutcliffe and C. Suttner",
  note    = "See URL {\tt http://\-www.cs.\-miami.edu/\-tptp/}"}

@Techreport{defexec,
  title        = "{Efficient Execution in an Automated Reasoning Environment}",
  author       = "David A. Greve and Matt Kaufmann and Panagiotis Manolios and J Strother Moore and Sandip Ray and Jos\'e Luis Ruiz-Reina and Rob Sumners and Daron Vroon and Matthew Wilding",
  institution  = "{University of Texas at Austin}",
  number       = "TR-06-59",
  month        = nov,
  year         = "2006"
}

@Techreport{flow,
  title       = "{Deriving an Information Flow Checker for the JVM}",
  author      = "G. Barthe and D. Picharde and T. Rezk",
  institution = "{Inria}",
  year        = "2006"
}